3182 4906
656 442 867 508 *tt-

199 636 283 700 quae
312 616 346 680 in
369 621 483 680 nostro
505 614 661 699 legimus,
683 614 807 679 habent
828 613 1026 678 Plutarchus
1049 613 1084 677 in
1106 613 1174 678 vita
1196 613 1323 679 Themi-

199 719 322 803 stoclis,
344 717 518 800 Diodorus,
542 715 746 801 Thucydides
754 739 763 790 ;
793 714 848 780 ubi
872 716 938 779 alia
958 716 1115 799 narravit,
1131 718 1181 780 vel
1204 722 1325 781 temere

202 841 328 884 errasse
365 819 416 882 vel
445 819 593 883 consulto
624 817 797 883 historiam
831 817 1003 882 invertisse
1031 815 1165 882 videtur.
1216 815 1329 900 Neque

203 923 350 1006 negarim
385 943 499 986 rursus
529 921 697 1004 Ephorum
725 941 782 984 seu
814 919 1060 1003 Theopompum
1089 941 1110 985 a
1141 925 1253 984 nostro
1283 920 1329 983 in-

205 1034 352 1108 spectum
376 1044 454 1086 esse,
504 1022 653 1106 Namque
683 1021 912 1105 Theopompus
942 1023 1117 1086 memoriae
1148 1022 1331 1103 prodidisse

200 1125 317 1190 dicitur
350 1147 370 1188 a
398 1123 483 1189 Plut.
507 1124 617 1188 Them.
648 1124 688 1188 19
718 1124 758 1188 de
786 1123 1002 1188 Themistocle
1031 1123 1177 1187 Athenas
1210 1125 1333 1187 instau-

205 1235 312 1310 rante,
335 1228 425 1290 (121)
448 1227 487 1291 de
510 1229 581 1291 eius
604 1226 692 1311 luga,
715 1248 740 1289 c.
764 1228 803 1290 31
828 1226 868 1290 de
890 1229 959 1290 eius
981 1228 1070 1290 victu
1093 1227 1127 1289 in
1140 1226 1220 1289 Asia
1242 1231 1275 1288 et
1291 1223 1333 1292 ad

205 1456 340 1501 auctorem
360 1449 440 1501 luisse
456 1465 515 1501 oum
533 1446 718 1500 Liberkt'rhnio
736 1477 770 1485 —
787 1446 966 1500 Pohlmannio
985 1447 1203 1500 existimaverunt
1213 1444 1334 1505 Fleckei-

201 1550 280 1586 senus
294 1533 438 1602 (Philologi
448 1532 502 1586 vol.
517 1533 563 1597 IV,
581 1548 643 1602 pag.
656 1535 708 1597 34),
725 1531 911 1585 Lachmannus
925 1532 1006 1597 (Mus.
1019 1530 1146 1585 Rhenani
1159 1531 1212 1584 vol.
1221 1530 1258 1595 II,
1270 1547 1333 1600 pag.

201 1622 271 1684 144),
287 1619 468 1689 Nipperdeius
483 1617 521 1684 (in
537 1617 600 1671 edit.
618 1617 739 1687 Nepotis,
756 1634 823 1687 quae
839 1620 904 1672 1849
917 1617 944 1669 in
958 1617 1044 1669 lucem
1051 1618 1156 1687 prodiit,
1166 1634 1193 1687 p.
1203 1615 1332 1679 XXXVI,

200 1711 268 1774 seq.)
285 1703 555 1773 MadvigiustOpusc.
571 1702 606 1765 ΙΙ,
629 1704 751 1755 12311111.
769 1707 804 1767 1),
819 1702 1331 1771 Ρ1111111111111111Α111111Χ,73111),
1387 1708 1391 1715 '

200 1787 343 1842 Teuffelius
358 1789 440 1854 (Hist.
454 1788 505 1841 litt.
516 1805 617 1840 roman.
628 1805 688 1857 pag.
700 1789 837 1858 315seq.).
857 1789 1019 1857 Meyervero
1033 1790 1255 1853 {Zimmermanus
1264 1779 1335 1840 Zeit-

200 1874 343 1927 schrittli'rr
353 1873 683 1937 Alterthumswissensch.,
696 1878 760 1928 1835
768 1874 821 1927 Νο.
832 1878 891 1937 130)
904 1875 1068 1928 etBaehrius
1081 1874 1201 1941 (Bericht
1211 1873 1278 1924 uber
1290 1871 1334 1923 die

207 1959 393 2028 Strassburger
403 1958 746 2028 Gelehrtenversammlung
757 1977 810 2012 von
826 1964 891 2013 1842
902 1980 908 2029 3
925 1961 957 2012 cl.
971 1960 1058 2014 annal.
1071 1959 1163 2030 philol.
1180 1966 1207 2011 et
1217 1957 1331 2028 paedag.

205 2048 280 2109 1843,
307 2062 368 2114 pag.
389 2048 535 2108 305-340)
561 2044 595 2095 ab
619 2044 737 2097 Aemilio
755 2045 843 2098 Probo
868 2045 998 2114 genuinas
1015 2045 1129 2115 Nepotis
1147 2045 1214 2097 vitas
1238 2043 1266 2095 in
1282 2041 1334 2095 dis

207 2129 355 2200 cipulorum
377 2147 455 2181 usum
473 2129 640 2181 circumcisas
658 2147 714 2182 esse
733 2131 858 2199 suspicati
884 2138 946 2183 sunt
971 2131 1015 2199 (cl.
1034 2117 1165 2201 Nipperd.
1185 2129 1250 2182 edit.
1270 2143 1332 2198 pag.

206 2215 373 2283 XXXVIII).
402 2215 509 2287 ‘Restat
526 2213 667 2278 Winkler,
695 2215 740 2285 qui
767 2217 879 2269 eandem
898 2217 1081 2287 quaestionem
1099 2215 1223 2269 tractavit
1242 2214 1334 2283 (Gym-

207 2299 399 2369 nasialzeitung
418 2303 499 2364 1865,
513 2304 517 2309 ’
529 2317 590 2369 pag.
609 2304 746 2353 431-444
769 2309 848 2372 atque
873 2301 925 2372 ,Due
945 2300 1067 2355 Cornelio
1086 2301 1191 2371 Nepote
1215 2300 1261 2371 qui
1286 2316 1334 2369 pu·

203 2393 276 2440 tatur
296 2385 405 2455 eiusque
423 2384 478 2438 vita
495 2385 630 2463 Aristidip‘
651 2389 745 2451 1868);
764 2387 787 2439 is
805 2387 876 2440 enim
896 2388 1063 2457 ,magistrum
1075 2388 1209 2458 quendam
1227 2385 1334 2439 alterius

204 2470 248 2525 vel
273 2471 345 2524 tertii
369 2488 395 2540 p.
417 2469 480 2524 Chr.
499 2487 525 2524 n.
545 2470 653 2542 saeculi
663 2472 800 2542 discipulis
818 2473 873 2526 suis
891 2473 1052 2528 Graecarum
1069 2474 1206 2528 literarum
1224 2471 1335 2525 rudibus
1409 2486 1413 2493 ·

207 2557 363 2627 compilasse
386 2555 414 2609 id
438 2555 616 2625 opusculum“
649 2557 699 2610 sibi
725 2559 855 2628 persuasit
883 2558 911 2625 (l.
937 2559 957 2613 l.
981 2575 1044 2629 pag.
1070 2559 1103 2625 Ι),
1141 2557 1222 2611 Cuius
1245 2556 1334 2608 omnia

206 2651 364 2712 argumenta
382 2643 410 2694 in
428 2640 612 2711 quaestionem
629 2659 723 2695 vocare
742 2661 803 2696 cum
820 2644 931 2713 longum
949 2653 1027 2715 atque
1045 2645 1089 2698 vix
1107 2661 1203 2714 operae
1221 2643 1335 2713 pretium

206 2729 243 2781 sit
260 2758 293 2767 -
312 2727 428 2798 plurima
446 2727 518 2779 enim
535 2726 569 2779 ad
587 2728 786 2796 persuasionem
803 2747 856 2781 non
869 2730 990 2800 apposita
1002 2748 1058 2783 esse
1074 2730 1200 2783 videntur
1209 2758 1251 2793 —,
1274 2745 1334 2780 con·

204 2821 246 2867 tra
264 2814 292 2866 id
306 2830 388 2865 unum
406 2829 491 2882 pauca
504 2811 647 2881 proferam,
667 2813 740 2883 quod
758 2814 801 2867 vel
819 2813 963 2885 plurimum
980 2816 1069 2870 valere
1087 2814 1235 2878 existimem
1254 2820 1336 2882 negat

205 2898 277 2951 enim
295 2898 428 2968 Nepotem
445 2896 606 2953 Hannibalis
623 2898 693 2952 vitae
712 2908 847 2954 auctorem
865 2902 954 2967 1111111,
975 2903 1038 2973 quia
1055 2901 1124 2954 inter
1141 2917 1169 2953 11
1186 2905 1336 2969 repugnent

205 2984 287 3036 verba
311 2984 376 3048 „hic
405 2982 563 3048 (Hannibal)
593 2983 745 3038 invictus
770 2988 883 3057 patriam
907 2988 1046 3041 defensum
1072 2994 1210 3040 revocatus
1233 2983 1335 3038 bellum

203 3070 286 3139 gessit
303 3075 395 3122 contra
412 3069 444 3122 P.
463 3068 637 3139 8111111111Η
662 3069 762 3141 (Hann.
791 3091 814 3127 c.
841 3078 868 3139 6)
892 3081 920 3127 et
944 3073 1020 3141 ἡμεῖς
1044 3074 1071 3124 δὲ
1091 3075 1191 3141 Λιβίῳ,
1211 3075 1331 3139 Καίσαρι

203 3159 247 3206 καὶ
264 3159 403 3207 Νέπωτι
429 3153 597 3225 πιστεύομεν,
622 3155 728 3221 ἥττας
751 3159 850 3220 τινάς
869 3162 923 3211 καὶ
940 3162 1071 3230 τροπὰς
1089 3160 1156 3215 ὑπὸ
1177 3158 1335 3224 Μαρκέλ-

202 3245 265 3294 λου
289 3245 350 3293 τῶν
376 3242 435 3296 σὺν
453 3242 584 3309 Ἀννίβᾳ
609 3247 773 3308 1111111911
797 3246 877 3313 [Plut¹
898 3247 926 3299 in
945 3265 1031 3318 comp.
1050 3247 1143 3317 Pelop.
1169 3263 1230 3299 cum
1247 3244 1331 3297 Marc.

203 3348 227 3385 c.
248 3334 282 3394 1).
320 3331 358 3388 At
386 3328 544 3382 Plutarchus
567 3329 624 3399 ipse
649 3328 702 3383 illis
720 3333 809 3385 verbis
832 3334 900 3386 haec
923 3332 1045 3387 adiunxit
1066 3329 1184 3399 μεγάλην
1208 3332 1235 3382 δὲ
1255 3330 1335 3384 utrm

203 3416 289 3486 ῥοπὴν
313 3415 440 3483 οὐδεμίαν
465 3419 602 3480 ἐποίησαν,
627 3415 682 3467 ἀλλ’
709 3420 774 3469 lotar
800 3417 981 3489 ψευδόπτωμά
1005 3439 1031 3472 tt
1054 3424 1181 3487 γενέσθαι
1204 3420 1263 3485 περὶ
1285 3418 1335 3469 τὸν

203 3506 290 3571 Λίβυν
315 3509 341 3555 ἐν
364 3509 422 3560 ταῖς
442 3504 603 3569 συμπλοκαῖς
621 3507 744 3568 lustrum
770 3506 845 3559 vides
865 3506 947 3576 igitur
966 3508 1000 3561 ad
1017 3506 1214 3560 devincendum
1230 3502 1333 3557 Hanni·

204 3590 293 3643 balam
312 3588 435 3642 Marcelli
457 3605 499 3641 res
523 3595 612 3658 gestas
636 3608 690 3643 non
714 3592 804 3661 magni
827 3593 956 3646 momenti
980 3592 1069 3645 1111111,
1113 3592 1175 3651 Qua
1198 3586 1335 3644 de‘causa

203 3693 257 3728 non
282 3673 433 3726 mirandum
458 3681 507 3739 est,
532 3675 604 3745 quod
629 3675 742 3730 invictus
766 3684 858 3732 tamen
880 3677 1018 3731 Hannibal
1041 3677 1088 3730 illo
1110 3677 1170 3729 loco
1188 3676 1221 3728 ab
1240 3675 1335 3727 eodem

205 3760 313 3830 Nepote
339 3759 503 3830 appellatum
530 3777 616 3830 neque
641 3762 712 3814 enim
736 3761 803 3815 illud
822 3763 956 3827 ,invictus‘
975 3763 1009 3816 ad
1026 3762 1133 3832 singula
1150 3760 1252 3832 proelia
1268 3759 1335 3813 refe-

207 3846 320 3898 rendum
338 3852 385 3909 est,
407 3846 455 3898 sed
473 3846 507 3899 ad
525 3863 656 3899 summam
673 3847 747 3900 belli.
774 3848 868 3918 Itaque
886 3847 998 3918 Nepotis
1015 3848 1097 3902 verba
1115 3847 1244 3914 (Hannib.
1265 3864 1287 3900 c.
1307 3848 1334 3910 6)

204 3938 232 3984 et
245 3928 383 3985 Plutarchi
395 3930 480 3998 (ἡμεῖς
499 3934 526 3983 δὲ
545 3936 635 4001 Λιβίῳ
655 3936 708 3998 nrt)
726 3933 835 3986 minime
853 3933 923 3986 inter
940 3951 969 3988 se
986 3941 1144 4005 repugnant,
1163 3940 1194 3986 ut
1208 3931 1252 3986 vix
1263 3936 1334 3984 recte

203 4018 237 4070 de
264 4017 302 4070 eis
319 4017 454 4071 Winkler-
469 4018 607 4084 iudicarit3
633 4019 700 4073 nihil
725 4019 808 4088 igitur
831 4018 902 4073 valet
919 4021 1081 4090 „egregium
1106 4020 1163 4073 eius
1186 4016 1334 4072 sententiae

205 4109 426 4174 argumentum.“
