3182 4906
685 504 874 568 ..9-

219 693 285 753 ger.
308 672 339 756 9,
362 671 402 736 de
425 672 493 737 soll.
517 671 617 737 animi
640 673 691 757 33,
716 673 788 738 aliis
811 673 889 738 locis
906 672 1090 755 idem'est);
1113 694 1139 737 c.
1160 673 1202 738 39
1225 668 1256 736 τί
1278 669 1344 757 γάρ

220 770 289 837 ἔδει
310 770 497 863 φείδεσθαι
525 773 586 856 (sic
607 773 780 857 Emporius
804 774 924 859 [Opusc
946 775 1031 858 338]‚
1054 773 1245 861 οέπέχεσθαι
1266 795 1341 838 vero

219 875 489 957 wyttenbachius
503 876 656 962 coniecit)
669 879 819 961 μηχανῆς
839 876 995 962 τραγικῆς
1013 872 1183 959 -ὥσπερ
1205 875 1239 940 ἐν
1263 897 1343 959 τρα-

220 974 329 1060 γεοὸἱηι
349 977 501 1062 μηχανήν
523 975 611 1061 ἄρας
632 1000 660 1041 v.
683 977 794 1042 Them.
818 980 859 1043 10
880 985 914 1042 et
935 978 992 1053 323
1022 999 1048 1042 c.
1071 980 1099 1042 9.
1122 981 1154 1042 οἱ
1178 975 1341 1042 κολακεύ-

222 1101 315 1153 οντες
345 1067 417 1143 οἷον
449 1070 581 1162 ἥδυσμα
613 1081 651 1168 τῇ
675 1076 836 1163 κολακείᾳ
861 1077 920 1157 τήν
944 1077 1132 1163 παρρησίαν
1155 1076 1342 1160 ἐμβάλλον-

186 1226 203 1240 .
221 1200 275 1255 τες
296 1217 335 1229 -
360 1173 463 1265 ὥςπερ
485 1182 517 1244 οὶ
539 1182 647 1245 δεινοὶ
669 1185 735 1246 τῶν
757 1179 929 1259 ὀψοποιῶν
959 1182 1030 1254 τοῖς
1058 1178 1237 1264 αι’στηροῐς
1267 1178 1345 1247 εἷδύ-
1398 1168 1403 1177 ’

220 1302 325 1363 σμασι
338 1283 486 1366 χρῶνται
503 1285 568 1346 τῶν
583 1284 728 1367 γλυκέων
744 1281 967 1369 α’φαιροῦνιες
984 1278 1021 1348 τὸ
1038 1282 1223 1364 πλήσμιον,
1239 1273 1344 1354 οὕτως

221 1383 253 1446 οἱ
276 1381 417 1458 κόλακες
440 1383 501 1448 oria
526 1386 698 1464 α’ληθινην
721 1383 912 1472 παρρησίαν
931 1387 1178 1471 προσφέρουσιν
1200 1384 1248 1448 De
1264 1383 1342 1450 adu-

219 1484 324 1549 latore
354 1491 387 1549 et
409 1488 512 1551 amico
541 1508 566 1550 c.
589 1488 625 1551 ὃς
654 1483 761 1573 ὥσπερ
790 1491 821 1551 οἱ
846 1488 1020 1573 ζωγράφοι
1050 1484 1092 1549 τά
1114 1488 1262 1570 φωτεινοὶ
1285 1485 1344 1547 καὶ

220 1585 358 1671 λαμπροὶ
380 1590 449 1662 τοῖς
472 1593 621 1672 σκιεροῖς
642 1591 698 1652 καὶ
722 1593 909 1664 σκοτεινοῖς
931 1586 1151 1655 ἐπιτείνουσιν
1166 1588 1261 1673 ε’γμύδ
1280 1611 1343 1651 πα-

217 1688 465 1772 ρατιθεμένοις,
488 1682 574 1756 οὕτω
597 1693 639 1775 τᾷ
662 1691 782 1776 ψέγειν
803 1687 970 1756 τιίναντια
996 1694 1055 1754 καὶ
1073 1694 1239 1775 λοιδορεῖν
1261 1691 1339 1754 λαν-

218 1787 370 1855 coiceret
398 1790 440 1855 τοὶ
464 1793 635 1876 προσόντα
656 1792 745 1856 κακιέ
771 1796 840 1866 τοῖς
864 1792 1341 1878 κολακευομένοις-τρέφοντες

217 1892 272 1956 Βο
296 1891 383 1958 adul.
412 1899 445 1958 et
476 1896 579 1960 amico
611 1896 651 1959 14
682 1933 718 1942 -
748 1886 857 1979 ὥσπερ
881 1897 915 1959 οἱ
940 1893 1113 1980 ζωγράφοι
1135 1892 1178 1958 τά
1201 1891 1342 1978 λαμπροὶ

217 1995 258 2081 τῇ
287 1996 370 2078 σκιᾷ
394 1995 583 2083 τρανώτερα
605 1999 768 2074 ποιοῦσιν,
800 1993 887 2060 οὕτω
909 2003 983 2070 ταῖς
1004 1993 1162 2082 ἀρνήσεσι
1185 1993 1247 2069 τοὶς
1269 1994 1340 2058 δια-

216 2093 506 2176 βολαςεέπιτείνει
528 2120 553 2162 ο.
576 2100 616 2163 28
640 2100 688 2164 De
710 2101 829 2165 Herod.
852 2100 985 2183 malign.

303 2215 385 2280 Tum
408 2215 536 2281 eosdem
558 2239 685 2302 versun,
709 2220 839 2285 easdem
861 2219 1053 2301 sententiae,
1077 2217 1206 2282 easdem
1228 2238 1327 2283 narra

216 2317 322 2382 tiones
358 2338 592 2400 nonuunquam
623 2326 655 2383 et
686 2323 720 2384 in
750 2322 884 2404 reliquis
911 2320 1082 2387 Plutarchi
1110 2319 1220 2402 libris,
1259 2340 1341 2402 quos
1370 2314 1372 2319 ’

217 2420 375 2502 genuinos
405 2441 474 2485 esse
505 2426 647 2501 constat,
677 2423 766 2487 etin
788 2423 846 2487 illo
870 2422 981 2486 libello
1004 2427 1135 2488 exstare
1156 2422 1206 2485 vir
1229 2422 1342 2486 doctus

218 2521 377 2602 doeet³²);
406 2544 444 2588 ac
473 2524 590 2587 mirum
628 2530 693 2608 est,
722 2524 810 2607 quod
847 2545 904 2588 eae
931 2523 1089 2588 Herodoti
1126 2524 1341 2604 narrationes,

217 2644 300 2711 quas
318 2624 531 2689 Plutarchum
552 2627 586 2689 in
606 2626 738 2691 dubium
752 2648 884 2692 vocasse
899 2648 938 2690 ex
950 2626 1061 2690 Them.
1076 2648 1104 2689 v.
1120 2644 1213 2709 capp.
1238 2625 1266 2708 7,
1291 2626 1342 2709 17,

217 2725 260 2788 Pl
282 2733 315 2790 et
336 2726 436 2791 Arist.
458 2749 487 2791 v.
510 2748 603 2813 capp.
628 2730 685 2814 13,
716 2730 756 2793 13
783 2729 943 2813 suspicari
965 2730 1197 2814 possumus33),
1220 2728 1299 2792 item
1322 2747 1342 2790 a

215 2935 419 2943 Μ.

285 3037 328 3097 32)
346 3033 407 3104 Ipse
427 3034 460 3087 cf.
478 3051 542 3104 pag.
555 3037 666 3088 94-96.
680 3033 810 3087 Baehn'uu
823 3040 912 3086 autem
928 3033 1085 3103 Lahmeyeri
1098 3034 1257 3087 sententiam
1268 3033 1339 3087 hisce
1358 3068 1363 3075 ·
1386 3080 1387 3083 ,

215 3117 304 3172 verbis
329 3120 486 3189 impugnare
504 3121 593 3173 studet
612 3119 642 3183 (l.
661 3119 681 3172 l.
701 3137 726 3189 p.
750 3124 824 3182 12ῖηι
852 3119 950 3183 „Weit
967 3118 1042 3171 mehr
1059 3118 1156 3171 Werth
1173 3118 1212 3170 als
1235 3118 1282 3170 auf
1297 3118 1340 3170 die

214 3203 410 3274 Beobachtuug
423 3205 470 3258 des
481 3205 548 3259 Hiat
559 3205 684 3258 mochten
696 3205 743 3257 wir
761 3205 809 3257 auf
824 3204 867 3257 die
885 3204 914 3257 S.
932 3207 965 3257 93
975 3203 1031 3256 und
1040 3207 1072 3259 94
1086 3204 1240 3272 gegebenen
1252 3201 1341 3255 Nach-

217 3289 297 3342 weise
316 3287 404 3359 legen,
424 3308 476 3343 von
495 3289 631 3342 einzelnen
649 3291 677 3343 in
695 3290 784 3343 dieser
802 3289 901 3344 Schrist
918 3289 1146 3341 vorkommenden
1164 3287 1339 3340 Ausdnielien

216 3374 271 3426 und
294 3375 495 3440 Redeuuarten,
520 3374 620 3428 welche
645 3375 673 3427 in
691 3376 808 3429 anderen
826 3374 958 3429 Schriften
975 3373 1114 3427 Plutarcho
1139 3372 1339 3425 wiederkehren

218 3498 225 3512 .
247 3497 254 3512 .
275 3501 281 3512 .
305 3500 312 3512 .
332 3477 359 3512 es
377 3460 444 3513 wird
461 3461 547 3513 dieses
564 3459 639 3514 Alles
657 3461 726 3514 doch
744 3479 794 3514 nur
812 3461 904 3530 zeigen
922 3460 1054 3524 hormen,
1075 3454 1129 3511 wie
1145 3458 1191 3510 der
1204 3457 1341 3511 Verfaseer

216 3543 304 3598 dieses
322 3545 505 3599 Machwerhes
523 3564 551 3599 es
569 3546 638 3599 wohl
656 3547 816 3600 veretanden
834 3546 895 3610 hat,
918 3544 1131 3599 Plutarcheische
1149 3543 1267 3597 Phrasen
1283 3543 1339 3595 und

216 3629 398 3699 Weudungen
423 3631 450 3684 in
474 3632 547 3684 aeine
571 3631 746 3700 Durstellung
771 3630 976 3695 einaufleehten‚
1002 3649 1047 3683 um
1072 3630 1119 3682 auf
1133 3629 1233 3682 diesem
1251 3627 1338 3697 Wege

215 3713 337 3768 desselbe
357 3715 395 3768 als
414 3717 457 3769 ein
476 3717 562 3771 Werk
580 3717 628 3770 dea
645 3717 771 3771 Plutarch
788 3715 973 3770 darnuetellen.

284 3821 328 3883 33)
348 3818 376 3871 Si
402 3819 510 3888 quidem
529 3827 599 3872 recte
618 3819 788 3873 Hermannus
806 3829 933 3889 (prooem.
954 3817 1097 3884 Marburg.
1116 3820 1191 3882 1836,
1210 3832 1277 3886 pag:
1291 3815 1340 3879 IV)

214 3903 283 3956 haec
299 3904 453 3958 contendit:
481 3905 524 3970 „si
542 3907 622 3974 quem
640 3912 774 3957 auctorem
790 3904 947 3958 Plutarchus
964 3903 1096 3964 nominat,
1117 3920 1170 3954 non
1188 3899 1339 3955 ostentandi

215 4006 294 4042 cauea
316 3989 381 4043 facit
404 4008 490 4060 neque
515 3998 546 4044 ut
569 3990 650 4043 fidem
666 3991 810 4044 narrationi
828 4008 891 4044 suae
909 3989 980 4060 apud
997 3988 1109 4042 lectores
1128 3987 1265 4052 conciliet,
1284 3984 1338 4039 sed
1362 4022 1375 4044 .

130 4108 132 4113 ,
216 4081 263 4127 aut
281 4091 382 4140 eorum,
403 4094 543 4146 quorum
562 4076 751 4131 veritatem
768 4076 847 4147 ipse
866 4083 1050 4146 praestare
1071 4072 1164 4126 nolit
1180 4072 1282 4126 fontem
1299 4071 1338 4124 in-

214 4158 348 4215 dicaturus
366 4168 439 4216 etc.“

964 4291 977 4319 l
