3182 4906
253 562 324 647 μην
352 561 444 630 crau
472 566 699 647 συμπεισθεὶς
733 565 799 632 όπό
837 572 901 635 τῶν
929 567 1206 653 κατηγορούντων
1236 568 1254 637 ό
1283 573 1408 656 δῆμος

254 662 406 750 ἔπεμψεν
420 663 555 751 ἄνδρας,
579 657 631 743 οἷς
644 668 755 752 εἴρητο
770 667 1026 752 συλλαμβάνειν
1043 673 1100 734 καὶ
1115 670 1213 755 ἄγειν
1229 713 1268 722 —-
1281 669 1386 741 odedu

254 789 357 852 prope
380 763 473 833 abest
495 790 515 832 a
537 769 736 854 Thucydidis
759 771 865 836 verbis
896 775 928 836 οἱ
950 771 985 835 δὲ
1010 774 1210 849 πεισθέντες
1233 816 1272 823 -
1296 778 1383 860 πέμ·

254 882 356 934 πονοι
383 867 471 954 μετσὶ
502 869 783 955 Λακεδαιμονίων
812 870 941 957 ἄνδρας
971 863 1023 949 οἷς
1051 874 1163 958 εἴρητο
1188 874 1280 960 ἄγειν
1302 874 1386 944 ὅπου

253 967 301 1035 r‘r'v
330 970 546 1060 περιτόγωσιν
576 973 620 1055 ll,
654 975 735 1057 135).
787 974 901 1058 Neque
935 996 1010 1040 vero
1040 977 1245 1061 Thucydides
1278 1002 1382 1064 neque
1480 1008 1485 1018 ·

253 1075 417 1140 Diodorus
448 1074 626 1141 Leobotam
656 1075 884 1142 Themistoclis
915 1081 1185 1164 accusatoreme)
1219 1084 1367 1147 nominat
1375 1107 1383 1158 3

254 1178 380 1243 lexicon
403 1177 535 1260 quidem
556 1177 640 1243 rhet.
665 1178 708 1244 ad
731 1180 808 1242 calc.
823 1177 935 1242 Photii
950 1198 1022 1261 pag.
1042 1181 1103 1244 cot
1127 1181 1208 1246 haec
1229 1184 1382 1267 praebet:

255 1279 476 1360 συνομολογεῐ
495 1281 529 1344 δέ
551 1290 622 1354 τοῖς
644 1275 709 1345 ὑπό
734 1276 961 1366 Θεοφράστου
986 1278 1211 1368 [λεγομένοιςΙ,
1242 1276 1295 1349 ότι
1328 1287 1387 1351 Θε-

254 1379 439 1464 μιστοκλέα
467 1378 655 1462 εἰσήγγειλε
685 1381 773 1445 κατοὶ
804 1379 983 1466 Κράτερον
1013 1381 1199 1464 Λεωβότας
1228 1383 1385 1469 Ἀλκμαί-
1440 1420 1444 1426 ·

254 1504 335 1557 ωνος
355 1478 600 1565 Ἀγραυλῆθεν,
630 1482 687 1547 sed
707 1484 845 1548 Diodori
875 1483 1043 1548 silentium
1065 1506 1131 1549 non
1154 1487 1282 1573 obstat,
1307 1478 1385 1573 quo-

253 1585 361 1649 minus
392 1585 558 1655 Leobotae
596 1585 795 1651 mentionem
832 1585 875 1650 ad
910 1585 1047 1649 eundem
1077 1585 1246 1670 Ephorum
1278 1592 1385 1656 redire

254 1692 446 1753 statuamus.
1145 1670 1150 1682 ’

259 1832 267 1856 «,
341 1787 468 1871 Capitis
498 1793 608 1855 autem
638 1789 681 1852 24
702 1789 793 1872 prior
814 1809 890 1873 pars
913 1789 1061 1873 proxime
1084 1791 1210 1857 accedit
1233 1794 1275 1858 ad
1297 1793 1383 1861 Thu·

253 1888 370 1973 cyditis
393 1889 413 1952 l.
436 1888 462 1974 Ι,
487 1911 555 1973 cap.
582 1890 660 1972 1365
691 1890 761 1954 illic
783 1893 870 1955 enim
891 1892 974 1955 haec
996 1896 1073 1956 sunt
1095 1891 1195 1958 verba
1223 1917 1388 1979 προαι-

253 1989 339 2056 σ’θό
347 2016 370 2074 μ
383 2014 476 2067 ενος
499 1989 529 2057 δ’
550 1991 675 2067 ἐκεῖνος
696 1987 743 2068 εὶς
760 1991 939 2075 Κέρκυραν
956 1993 1149 2078 διεπέρασεν
1172 1992 1274 2073 οόοης
1294 1998 1388 2082 αὐτῷ

253 2092 337 2176 πρός
360 2093 424 2168 την
441 2093 542 2157 πόλιν
565 2089 814 2176 εὐεργεσίας
836 2139 843 2153 .
868 2145 874 2159 .
899 2140 906 2153 .
930 2095 1002 2156 καὶ
1026 2091 1293 2177 διωκόμενος
1315 2151 1323 2165 .
1349 2149 1355 2162 .
1379 2150 1386 2165 .

257 2192 394 2280 ἔρριψεν
415 2193 520 2261 αότόν
548 2190 595 2269 εἰς
629 2191 765 2270 ἐλπίδας
788 2192 957 2281 χαλεποός
981 2195 1039 2257 καὶ
1062 2192 1253 2278 α’πόρους
1277 2199 1382 2264 καταὶ

246 2295 370 2380 ’φυγῶν
407 2295 488 2380 πρός
516 2293 689 2377 ’Ἁδμητου
712 2341 844 2362 .....
867 2295 953 2361 ἔνιοι
981 2301 1041 2382 μὲν
1076 2288 1137 2362 οὖν
1171 2297 1294 2363 Φθίαν
1327 2302 1388 2381 τήν

254 2407 399 2482 γυναῖκα
423 2401 485 2464 τοῦ
498 2399 665 2481 βασιλέως
688 2398 839 2480 λέγουσιν
861 2396 1068 2464 ὑποθέσθαι
1091 2395 1138 2486 τῷ
1162 2392 1397 2482 Θεμιστοκλεῖ·

255 2501 294 2566 τό
318 2500 476 2586 ἱκέτευμα
501 2501 600 2566 τοῦτο
626 2501 682 2563 καλ
706 2499 766 2569 τόν
788 2499 863 2572 υἱόν
884 2501 952 2565 ἐπὶ
976 2500 1053 2579 τήν
1075 2500 1230 2568 ε’στίαν
1253 2506 1387 2569 καθό-

254 2627 325 2669 σαι
354 2605 426 2689 μετ’
448 2602 571 2683 αὐτοῦ,
601 2603 688 2686 apud
711 2602 934 2688 Thucydidem
957 2610 1065 2667 autem
1095 2603 1194 2670 haec:
1217 2602 1235 2668 ό
1260 2608 1295 2670 δέ
1322 2608 1387 2672 Θε-

253 2707 440 2790 μιστοκλῆς
471 2702 832 2789 προαισθόμενος
861 2702 977 2791 φεύγει
1008 2692 1110 2780 -ές
1132 2705 1313 2790 Κέρκυραν
1342 2704 1389 2774 τόν

253 2808 363 2873 αὐτῶν
385 2806 613 2894 εὐεργέτης
636 2855 643 2868 .
667 2854 673 2868 .
697 2855 703 2868 .
726 2856 733 2870 .
759 2809 831 2871 καὶ
855 2803 1117 2888 διωκόμενος
1140 2855 1148 2872 .
1174 2857 1181 2871 .
1205 2854 1212 2868 .
1234 2807 1388 2894 οἰναγκολ-

256 2911 350 2990 ζεται
371 2911 458 2973 κατοὶ
489 2932 520 2974 τι
542 2910 709 2995 οἴπορον
731 2907 824 2995 παροὶ
841 2905 1011 2994 ’Ἁδμητου
1034 2949 1073 2957 -
1098 2910 1299 2976 καταλῦσαι.
1331 2915 1389 2976 καὶ

253 3133 301 3200 τὴν
319 3130 425 3201 ὕστερον
444 3134 584 3199 γινομένην
603 3129 767 3198 κατηγορίαν
785 3133 843 3196 κτὲ,
864 3131 922 3202 quis
941 3132 1043 3201 estqui
1061 3129 1141 3200 plane
1162 3129 1313 3201 intelligat?
1337 3133 1390 3203 Op·

253 3220 319 3274 time
331 3225 421 3272 autem
431 3218 520 3272 omnia
527 3236 555 3271 se
566 3218 676 3283 habent,
687 3217 834 3271 dummodo
841 3215 976 3289 Plutarchi
982 3215 1136 3278 testimonio
1146 3215 1220 3268 nisus
1230 3216 1336 3282 (Them
1345 3221 1388 3283 23)

254 3321 360 3358 mecum
374 3310 476 3357 statuas
482 3304 553 3374 apud
562 3303 723 3356 Pausaniam
732 3303 858 3372 epistulas
866 3302 1044 3372 deprehensas
1053 3318 1121 3367 esse,
1136 3301 1232 3371 quibus
1241 3301 1391 3356 Themisto-

255 3389 317 3454 cles,
332 3389 430 3460 quippe
446 3389 492 3460 qui
509 3396 588 3442 antea
598 3387 730 3458 purgandi
741 3387 782 3440 sui
791 3405 870 3442 causa
882 3387 1027 3441 admodum
1040 3404 1128 3441 acrem
1140 3403 1168 3439 se
1178 3386 1325 3440 Pausaniae
1337 3387 1390 3451 dis-

254 3492 390 3529 suasorem
414 3475 497 3528 fuisse
523 3473 697 3539 affirmasset,
726 3473 859 3527 mendacii
885 3473 1095 3527 convinceretur.
1131 3471 1315 3530 Quamobrem
1337 3464 1392 3537 tale

255 3561 329 3632 quid,
349 3558 427 3631 quale
439 3559 580 3612 Plutarchs
599 3564 688 3611 narret
706 3557 791 3626 (οὕτω
812 3560 842 3623 δη
863 3561 910 3614 τοῦ
931 3565 1088 3611 Παυσανίου
1107 3554 1319 3614 θανατωθέντος
1337 3554 1392 3639 κτλ)

256 3647 326 3716 apud
350 3642 505 3719 Diodorum,
528 3644 656 3698 excidisse
683 3644 797 3699 arbitror
819 3676 852 3685 —
879 3645 990 3704 fortasse
1014 3651 1076 3706 aute
1102 3663 1125 3698 c.
1152 3649 1185 3698 56
1213 3643 1334 3709 initium,
1364 3649 1395 3696 ut

255 3731 449 3800 Wesselingiua
471 3730 535 3783 olim
553 3730 700 3800 suspicatus
719 3736 767 3783 est.
1173 3721 1176 3726 ’

257 3852 269 3889 ⁴.
323 3820 368 3881 49)
387 3816 427 3870 Of.
447 3815 572 3870 Grotium
588 3814 626 3880 (h.
646 3832 735 3884 graec.
755 3815 787 3876 V,
809 3806 869 3879 381,
889 3832 917 3867 n.
939 3819 981 3880 ll:
1009 3813 1086 3879 „The
1100 3802 1102 3805 ¹
1115 3814 1290 3868 indictement
1307 3813 1395 3867 stated

256 3902 292 3971 by
309 3901 381 3955 Plut.
408 3909 435 3954 to
464 3901 530 3954 have
553 3900 622 3953 been
646 3900 783 3971 preferred
809 3899 915 3968 against
939 3899 1131 3953 Themistocles
1155 3899 1191 3968 by
1209 3893 1395 3952 Leobdtas'-

254 3986 431 4073 probably
449 3984 584 4040 relatos
602 3993 637 4040 to
655 3986 714 4039 the
733 3985 814 4039 first
832 3984 1052 4050 accusation,
1072 3993 1101 4038 at
1117 3984 1203 4039 which
1221 3984 1316 4038 Them.
1337 3999 1389 4038 was

258 4072 427 4143 requitted.“
462 4071 549 4125 Aliter
566 4089 629 4126 vero
654 4071 805 4125 iudicarunt
828 4069 953 4139 Kutorga
974 4068 1116 4140 (Memoire
1134 4086 1179 4123 sur
1195 4067 1222 4121 le
1245 4067 1315 4141 parti
1332 4068 1395 4124 Per-

261 4175 309 4211 san
327 4165 379 4212 etc.
399 4175 434 4228 p.·
446 4160 491 4222 22)
511 4165 538 4212 et
555 4157 661 4213 Curtius
679 4157 718 4224 (h.
738 4173 778 4226 gr.
799 4155 836 4222 11,
858 4159 907 4210 126
926 4155 969 4210 ed.
989 4159 1024 4222 2).
1045 4184 1048 4190 ·

298 4310 301 4343 l
