3182 4906
733 462 918 528 ,4-

192 627 195 632 ’
260 632 402 729 ἐμπίπτῃ
432 632 471 702 τό
501 635 743 724 παραλειφθὲν
770 636 818 711 εἰς
846 626 952 701 τόπον
983 632 1203 721 προσήκοντα
1229 638 1268 730 τῇ
1297 641 1384 706 ἱστο-

260 738 379 829 aaa).

343 841 399 908 IV.
422 838 587 927 τέταρτον
609 834 720 905 τοίνυν
748 835 894 923 τίθεμαι
917 840 1057 921 σημεῖον
1079 838 1141 906 οιίκ
1170 840 1323 922 εὐμενοῦς
1354 845 1389 909 έν

261 943 392 1034 ἱστορίᾳ
422 939 568 1027 τρόπον,
598 940 638 1006 τό
667 935 815 1035 δυσῖιίῆ
844 940 1008 1007 πλειόνων
1030 943 1104 1028 περὶ
1128 939 1252 1008 ταύτοῦ
1278 943 1388 1027 λόγων

263 1044 381 1128 ὄντων,
404 1041 451 1128 τῷ
467 1041 593 1132 χείρονι
618 1039 938 1129 προστίθεσθαιῖῧ).

346 1150 383 1214 V.
407 1143 455 1214 έιι
477 1143 586 1211 τοίνυν
601 1145 655 1208 ἐπὶ
674 1146 735 1209 τῶν
749 1142 1028 1229 ὁμολογουμένων
1043 1149 1256 1235 πεπρᾶχθαι,
1274 1149 1336 1228 τόν
1358 1152 1388 1216 δ’

261 1247 390 1325 αἰτίαν,
414 1245 475 1335 ἄρ’
490 1239 531 1324 ἧς
553 1248 746 1326 πέπρακται
759 1249 816 1311 καὶ
833 1246 895 1326 τόν
910 1246 1067 1313 διάνοιαν
1084 1247 1226 1334 ἐχόντων
1248 1249 1388 1334 ἄδηλον,

262 1351 279 1419 ό
303 1351 388 1437 πρός
411 1348 452 1417 τό
472 1351 587 1435 χεῖρον
608 1346 752 1427 είκοίζων
774 1348 941 1433 δυσμενής
964 1349 1033 1415 ἐστι
1058 1352 1115 1413 καὶ
1148 1350 1328 1433 κακοήθης
1340 1356 1387 1440 Η).

345 1456 400 1520 Vl.
424 1454 554 1538 δέχεται
578 1451 613 1516 δὲ
639 1452 696 1514 καὶ
720 1450 814 1533 παριί
839 1449 898 1516 τόν
922 1449 1049 1536 τρόπον
1071 1453 1131 1518 τοῦ
1154 1450 1254 1538 έργου
1272 1453 1388 1540 διήγη-

261 1580 312 1632 σις
341 1553 494 1641 ἱστορικὴ
522 1551 746 1631 κακοήθειαν,
774 1549 817 1617 όίν
843 1547 994 1638 χρήμασί
1015 1554 1149 1644 φάσκῃ,
1170 1555 1217 1638 μή
1242 1555 1284 1622 δι’
1306 1554 1386 1643 α’ρε-

262 1661 336 1740 τῆς,
357 1653 607 1742 κατειργάσθαι
629 1654 691 1733 τήν
713 1651 840 1740 πρᾶξιν
852 1660 899 1736 ¹⁵).
1299 1654 1303 1659 ’

348 1759 417 1826 VII.
442 1755 516 1824 ἔστι
541 1754 653 1823 τοίνυν
676 1759 744 1833 τοῖς
765 1755 823 1821 ἀπ’
845 1754 982 1833 εὐθείας
1001 1754 1059 1834 oie
1074 1760 1250 1848 βούλονται
1273 1760 1385 1837 κακῶς

262 1862 393 1948 λέγουσι
425 1859 609 1926 δυσκολίαν
637 1859 808 1924 ἐπικαλεῖν
838 1860 894 1924 καί
929 1861 1131 1946 θρασύτητα
1160 1866 1218 1926 καὶ
1247 1861 1388 1948 μανίαν,

263 1965 323 2030 εἰίν
343 1961 390 2047 μή
414 1963 649 2048 μετριάζωσιν·
672 1963 704 2026 οἱ
727 1962 764 2025 δὲ
787 1958 937 2047 πλαγίως
957 1951 1032 2029 οἷον
1053 1963 1087 2043 ἐξ
1109 1962 1261 2053 αἰρανοῡς
1281 1966 1389 2052 βέλεσι

258 2067 421 2153 χρώμενοι
439 2068 512 2140 ταῖς
534 2064 727 2146 διαβολαῖς,
750 2052 822 2128 εἶτα
846 2065 1028 2148 περιιόντες
1050 2064 1156 2132 ὀπίσω
1180 2068 1237 2132 καὶ
1261 2065 1388 2133 οίναιλυ-

262 2168 377 2251 όμενοι
404 2170 450 2250 τῷ
473 2163 617 2256 φιίσκειν
639 2161 797 2247 α’πιστεῖγ
818 2161 842 2231 ίί
863 2163 950 2233 πάνυ
971 2167 1197 2234 πιστεύεσθαι
1217 2170 1389 2252 θέλουσιν,

262 2268 462 2356 α’ρνούμενοι
483 2266 710 2350 κακοήθειαν,
734 2265 983 2353 οἷνελεοθερίαν
1006 2272 1045 2362 τῇ
1068 2269 1261 2356 κακοηθείᾳ
1284 2294 1389 2355 προσ-

263 2369 587 2457 οφλισκιίνοοσινλῦ).

348 2476 434 2542 VIII.
464 2473 561 2559 ἐγγύς
591 2477 625 2540 δὲ
655 2469 783 2538 τούτων
814 2467 902 2539 εἰσὶν
932 2477 965 2538 οἱ
995 2477 1066 2551 τοῖς
1095 2473 1214 2561 ψόγοις
1237 2475 1390 2552 ἐπαίνους

239 2574 358 2653 ·τινιίς
386 2576 700 2661 παρατιθέντες-
724 2566 812 2640 οίίτω
843 2574 881 2641 τό
905 2573 1080 2655 Ικακόηθες
1115 2572 1165 2652 εἰς
1199 2575 1318 2643 πίστιν
1346 2568 1390 2643 ὧν

267 2678 363 2763 ψέγει
386 2677 662 2765 προαποτίθεται
685 2677 745 2745 τόν
766 2676 906 2744 ἔπαινον
917 2679 965 2764 ¹⁷).

351 2781 439 2859 Quae
462 2782 571 2846 omnia
592 2783 626 2846 in
648 2800 784 2845 examen
806 2801 924 2846 vocans
948 2803 1042 2847 nemo
1066 2784 1128 2848 nisi
1151 2785 1178 2848 is
1185 2835 1194 2867 ‚
1219 2784 1276 2868 qui
1297 2805 1388 2866 prae-

262 2883 408 2951 iudicata
423 2902 427 2908 ·
441 2883 594 2968 opinione
627 2882 837 2967 obcaecatur,
874 2905 946 2948 eum
975 2885 1118 2951 Baehrio
1130 2889 1166 2963 18)
1197 2885 1388 2969 Lahmeyeri

263 2985 462 3052 sententiam
485 2986 637 3068 amplecti
660 2983 836 3068 dubitabit,
859 2988 981 3070 quippe
1004 2988 1062 3069 qui
1083 3008 1193 3052 omnes
1209 2987 1284 3053 illas
1300 2987 1388 3069 leges

263 3094 321 3152 aut
352 3110 485 3171 prorsus
516 3088 617 3155 falsas
645 3096 745 3170 atque
774 3088 913 3152 iniustas
944 3094 1002 3152 aut
1023 3089 1116 3153 valde
1145 3088 1388 3172 restringendas

264 3210 334 3254 esse
357 3190 427 3254 sine
448 3191 516 3256 ulla
538 3176 746 3256 cunctatione
769 3188 860 3256 dieat
871 3190 929 3275 19);
953 3189 1163 3272 quamobrem
1182 3212 1390 3274 nequaquam

263 3293 449 3357 mirandum
473 3297 533 3376 est,
556 3292 644 3375 quod
666 3292 799 3358 illarum
821 3293 1009 3375 regularum
1030 3299 1127 3358 tenax
1151 3295 1324 3372 omniaque
1346 3290 1390 3356 ad

263 3415 318 3459 eas
349 3396 481 3478 exigens
513 3394 616 3459 libelli
647 3399 761 3458 auctor
791 3416 811 3457 a
832 3401 923 3458 reeta
946 3396 1076 3477 quidem
1098 3394 1151 3457 via
1171 3411 1298 3473 semper
1320 3391 1388 3455 fere

223 3545 239 3567 .
264 3497 444 3578 aberravit3
472 3503 602 3561 tantum
624 3502 734 3560 autem
764 3495 872 3579 abest,
903 3503 940 3561 ut
961 3496 1118 3560 historiae
1145 3498 1273 3577 patrem
1298 3494 1388 3557 mali-

333 3722 373 3771 12.
394 3717 435 3771 Cf.
449 3734 525 3787 capp.
547 3720 578 3770 15
597 3721 644 3782 (4),
665 3720 698 3772 24
718 3719 764 3782 (2),
785 3719 885 3780 2614),
905 3719 937 3769 36
955 3718 1003 3782 (6),
1023 3718 1056 3769 39
1074 3716 1139 3779 (13).

333 3806 375 3865 13)
396 3802 438 3856 Cf.
457 3820 533 3873 capp.
553 3806 587 3856 20
605 3810 632 3855 et
649 3805 682 3855 24
701 3801 727 3872 (2
746 3804 814 3871 seq.)

333 3887 1146 3954 mmmmmmmmmmmmm

333 3976 376 4037 15)
395 3972 435 4025 cf.
456 3989 514 4041 cap.
534 3975 568 4025 34
586 3975 611 4037 (1
631 3980 659 4024 et
676 3971 712 4041 2).
732 4002 765 4010 -
786 3975 827 4034 16)
847 3970 888 4024 Cf.
909 3989 984 4041 capp.
1005 3971 1037 4025 27
1057 3978 1084 4023 et
1101 3972 1143 4023 28.

333 4056 781 4127 mmmwmwwa

335 4147 377 4209 18)
395 4142 494 4196 Annal.
514 4140 607 4213 philol.
628 4142 680 4197 vol.
701 4144 742 4207 54,
764 4157 826 4211 pag.
847 4144 902 4196 121.
923 4171 957 4180 —
977 4143 1018 4207 19)
1036 4140 1068 4194 L.
1087 4139 1106 4192 l.
1126 4155 1188 4210 pag.
1208 4142 1250 4193 33.
