3182 4906
688 468 898 539 »ΘΟ-.-

226 661 320 727 capp.
344 640 365 706 5
387 647 421 707 et
443 643 462 707 6
486 664 507 708 a
529 643 739 727 Theopompo
761 640 971 707 Plutarchum
992 646 1179 708 mutuatum,
1202 661 1274 707 csse
1294 663 1357 708 suo

227 746 297 809 iure
327 745 508 830 existimat,
539 745 750 828 quamobrem
779 764 838 809 nec
864 744 964 809 Arist.
987 745 1028 808 23
1050 750 1114 810 noc
1130 744 1230 809 Arist.
1253 765 1278 807 c.
1302 745 1354 827 22,

228 845 350 930 quippe
373 846 461 928 quod
483 868 556 912 cum
572 847 721 931 proximo
736 848 843 930 capite
859 851 950 910 arcte
962 846 1147 930 cohaereat,
1162 866 1223 911 neo
1241 845 1353 913 Thena

228 970 253 1013 c.
276 948 472 1014 adalinuda
495 970 568 1013 eum
589 948 724 1032 petiisse
745 949 898 1031 putarim.

314 1050 378 1116 Sed
406 1048 460 1115 hic
481 1051 723 1124 subsistamus3
758 1072 835 1116 nam
864 1071 948 1134 quac
978 1050 1019 1116 de
1044 1051 1182 1135 reliquis
1211 1051 1357 1118 vitarum

228 1152 378 1237 partibus
408 1152 489 1217 mihi
510 1153 675 1237 persuasi,
708 1173 747 1220 ea
770 1173 836 1217 non
858 1158 927 1217 tam
948 1171 1048 1238 prope
1071 1153 1113 1218 ad
1135 1153 1355 1218 verisimilitu-

230 1255 337 1319 dinem
369 1255 546 1340 acoedunt,
576 1262 614 1320 ut
637 1254 736 1338 digna
765 1254 846 1319 mihi
868 1254 1051 1341 videantur,
1074 1274 1159 1338 quae
1182 1254 1247 1320 iam
1270 1275 1357 1321 nunc

229 1377 269 1421 ex
291 1356 403 1440 scrinii
424 1357 560 1423 latebris
583 1358 618 1421 in
640 1360 745 1423 lucem
763 1356 939 1445 prodeant.
1211 1344 1214 1350 ’

694 1617 898 1626 m

642 1772 984 1896 Vama(

316 2021 421 2088 Natus
451 2043 522 2087 sum
546 2020 683 2088 Carolus
706 2019 842 2087 Albinus
865 2014 1008 2085 Haeblei
1031 2019 1065 2082 in
1087 2019 1241 2084 Lusatico
1263 2041 1359 2105 pago,

227 2125 284 2203 oui
313 2145 430 2189 nomen
454 2129 504 2188 est
526 2121 823 2211 Grues-Schoenau,
846 2142 931 2187 anno
954 2118 1125 2187 MDCOCL
1150 2120 1202 2187 dic
1225 2122 1360 2189 XXVII.

231 2248 272 2290 m.
296 2225 438 2308 Octobr,
461 2231 557 2308 patre
581 2224 697 2290 Carolo
719 2221 745 2288 F
747 2224 884 2289 riderico
908 2228 941 2288 ot
967 2228 1071 2286 matre
1094 2216 1183 2288 Iulia
1201 2242 1241 2287 ex
1263 2229 1361 2307 gente

233 2328 354 2392 eadem.
398 2327 490 2392 Fidei
517 2328 696 2410 adscriptus
727 2349 799 2391 sum
830 2325 1043 2409 evangelicae.
1081 2324 1258 2407 Postquam
1285 2325 1367 2395 inde

234 2429 275 2495 ab
307 2450 391 2495 anno
421 2426 670 2494 MDCCOLXIV
700 2430 920 2513 gymnasium,
951 2427 1040 2510 quod
1069 2426 1214 2492 Drcsdae
1242 2433 1293 2492 cst
1320 2426 1363 2492 ad

235 2530 349 2599 aedem
379 2531 407 2596 S.
438 2531 567 2613 Crucis,
596 2531 706 2613 perV
729 2552 832 2599 annos
862 2528 1044 2594 rectoribus
1073 2528 1187 2597 Klecio
1216 2535 1250 2595 ct
1271 2530 1363 2599 Hult

235 2632 324 2703 schio
347 2632 566 2716 frequentavi,
598 2654 690 2721 anno
718 2630 969 2699 MDCOCLXIX
997 2630 1033 2696 in
1060 2630 1261 2699 academiam
1288 2630 1364 2714 Lip-

237 2735 376 2803 siensem
398 2757 449 2799 me
472 2734 596 2801 contuli
608 2756 617 2815 3¹
638 2732 695 2799 ubi
716 2753 775 2817 per
798 2732 1051 2817 quadriennium
1072 2732 1277 2816 philologieis
1300 2740 1364 2799 stu-

238 2837 300 2903 diis
324 2836 474 2903 addictus
498 2835 622 2902 scholis.
640 2835 785 2918 interfui,
810 2856 891 2918 quas
905 2830 1093 2900 habuerunt
1108 2834 1170 2899 viri
1184 2834 1365 2903 doctissimi

237 2938 432 3023 abramius,
462 2938 680 3023 Brandcsius,
712 2937 860 3020 Curtius,
890 2935 1119 3020 Drobischius,
1147 2935 1365 3022 Ecksteinius,

237 3039 393 3126 Klotzius,
410 3040 565 3125 Langius,
582 3039 723 3125 Lipsius,
738 3040 914 3124 Riegelius‚
941 3037 1151 3122 Ritschelius,
1171 3039 1366 3123 sonneras,

237 3143 406 3229 Rachlius‚
430 3140 686 3226 Schuchardtus,
709 3143 872 3226 VoigtiuS,
895 3138 1070 3224 Wutckius,
1093 3140 1281 3231 Zaruckius.
1311 3140 1366 3208 Se-

239 3246 371 3324 minarii
392 3243 583 3330 philologici
605 3244 712 3309 socius
735 3242 922 3313 ordinarius
945 3241 992 3306 fui
1012 3262 1071 3325 per
1089 3244 1156 3311 tria
1179 3248 1365 3325 semestria3

239 3353 415 3431 praetcrea
437 3353 547 3413 autem
572 3345 706 3415 interfui
735 3344 910 3423 seminario
932 3343 1368 3428 paedagogieorEokstciuii

242 3447 452 3515 societatibus
470 3448 635 3513 historicis
656 3447 782 3531 lloigtii
805 3453 838 3512 et
860 3445 1016 3530 wanka,
1046 3444 1256 3515 societatibus
1285 3447 1368 3511 auti·

115 3549 118 3555 ’
240 3552 366 3634 quariis
403 3551 521 3635 Langii
559 3558 590 3616 et
618 3550 742 3633 Lipsii,
780 3549 929 3615 societati
965 3547 1152 3632 philologac
1187 3548 1366 3617 Ritsoholii
1439 3632 1440 3635 Ἴ

240 3652 364 3731 Quibus
402 3654 551 3729 omnibus
579 3654 659 3718 viris
688 3650 885 3717 doctissimis
915 3672 1014 3736 quam
1044 3650 1204 3720 maximas
1242 3651 1369 3735 gratiae
1586 3694 1587 3749 l

240 3776 327 3821 nuno
348 3753 453 3822 habeo
476 3763 576 3842 atque
597 3774 723 3838 semper
743 3752 881 3854 habebo.
