3182 4906
703 422 914 497 affl...

244 594 398 685 διήγησις
427 596 459 666 h.
483 622 509 668 e.
533 602 681 668 narratio
703 602 869 686 nascitur,
892 609 991 685 atque
1014 604 1112 669 sumit
1133 607 1166 668 et
1188 599 1369 669 orationem

242 706 273 768 vi
292 703 520 787 elegantiaque
531 703 716 788 praeditam
732 702 849 788 (λόγον
873 703 995 787 ἔχοντα
1013 704 1157 787 δύναμιν
1179 705 1235 768 καὶ
1254 703 1370 795 χάριν)

244 814 275 870 et
303 825 355 870 res
387 805 474 887 ipsas
503 805 657 890 pulchras
688 813 719 871 et
748 827 882 889 magnas
914 806 1062 891 (πράξεις
1090 806 1198 880 καλάς
1226 809 1280 870 καὶ
1311 832 1369 890 με-

246 902 366 990 γάλας)
396 927 483 989 esse3
513 908 602 990 quod
628 907 656 972 si
685 906 767 974 haee
789 911 894 973 oratio
918 914 951 972 et
972 909 1034 973 hae
1055 894 1108 973 res
1131 911 1372 992 coniungantur

244 1010 358 1090 itaque
379 1012 484 1092 μηδὲν
507 1007 627 1095 ἔχουσα
652 1010 802 1093 λυπηρόν
825 1005 848 1086 ἢ
868 1010 1040 1094 βλαβερόν
1063 1009 1193 1096 ἱστορία
1219 1012 1275 1074 καὶ
1300 1008 1388 1087 ool:

245 1132 342 1191 γησις
369 1111 401 1173 h.
431 1132 457 1174 e.
487 1112 571 1176 nihil
599 1113 769 1176 molestum
793 1120 851 1176 aut
874 1113 1065 1177 damnosum
1087 1112 1212 1178 habens
1235 1112 1374 1202 historia

246 1219 277 1275 et
299 1212 447 1278 narratio
471 1221 640 1297 nascatur,
663 1213 703 1278 ον’
724 1210 828 1297 μόνον
856 1213 943 1298 μέγα
976 1217 1034 1277 καὶ
1065 1214 1152 1278 πολι)
1186 1212 1278 1280 άλλά
1317 1213 1373 1276 καὶ

248 1312 412 1396 καθαρόν
450 1316 508 1377 καὶ
542 1313 801 1396 άμεταμὲλιγτον
832 1317 985 1399 scriptori
1014 1313 1054 1380 τό
1085 1313 1268 1402 εόιγραῖνον
1303 1336 1372 1379 esse
1508 1382 1513 1391 ,
1559 1344 1564 1359 ·

244 1415 382 1479 videtur.
426 1418 495 1481 lam
525 1429 600 1482 uero
631 1436 735 1499 panea
760 1416 957 1482 Plutarchus
988 1418 1137 1502 exempla
1165 1420 1199 1482 in
1230 1417 1371 1482 medium

245 1516 368 1600 profert
383 1539 489 1601 neque
504 1518 649 1584 dubitari
664 1524 785 1602 potest,
809 1519 887 1601 quin
911 1519 1017 1584 verbis
1040 1521 1145 1602 μηδὲν
1166 1515 1289 1604 ἕχονσοι
1315 1519 1370 1581 λυ-

246 1617 352 1702 πιγρόν
377 1617 468 1702 ἢβλ
492 1621 555 1684 ἱστ.
581 1621 637 1682 καὶ
660 1621 690 1683 δ.
708 1616 759 1682 ἐπὶ
779 1617 918 1706 πράξεσι
933 1622 1056 1694 καλαῖς
1070 1622 1124 1684 καὶ
1139 1620 1308 1703 μεγάλαις
1323 1642 1372 1684 re-

246 1721 407 1805 spondeat
433 1721 516 1786 illnd
544 1721 586 1786 τά
616 1710 811 1802 Ἑλληνικά,
841 1722 947 1786 verbis
978 1729 1089 1790 autem
1119 1721 1220 1806 λόγον
1251 1721 1371 1805 ἔχοντα

247 1820 390 1905 δύναμιν
421 1824 477 1885 καὶ
502 1822 603 1908 χάριν
625 1824 708 1888 illud
732 1822 792 1887 τόν
814 1819 997 1910 Ἡροδότου
1004 1847 1017 1906 ,·
1040 1847 1126 1890 nune
1148 1825 1250 1909 igitur
1273 1825 1371 1888 totius

249 1926 451 2004 quaestionis
475 1925 574 1990 cardo
597 1924 632 1990 in
655 1945 692 1988 eo
715 1925 873 2007 vertitur,
895 1947 962 2007 qua
982 1927 1111 1991 ratione
1127 1925 1226 1991 verba
1249 1922 1290 2000 ὠς
1314 1924 1373 1989 τόν

248 2021 434 2107 Ἡροδότου
453 2024 495 2090 τά
509 2022 683 2104 Ἑλληνικά
698 2026 881 2109 supplenda
895 2028 969 2091 sint.
994 2028 1089 2092 Certe
1103 2029 1215 2113 edepol
1231 2028 1372 2107 emistis,

247 2127 304 2208 qui
333 2125 577 2209 subsequuntur
598 2166 642 2174 -
663 2127 826 2191 ἐθέσπισε
856 2134 889 2192 et
919 2120 1051 2213 ἔγραψε
1080 2129 1152 2194 luce
1182 2129 1302 2194 elarius
1336 2126 1374 2192 fit

247 2226 330 2291 nihil
352 2228 394 2292 ad
417 2249 456 2292 ea
478 2229 572 2293 nobis
595 2229 780 2294 addendum
803 2239 872 2293 esse
896 2231 959 2294 nisi
982 2231 1167 2321 προσέλαβε
1175 2253 1187 2310 ,·
1216 2231 1303 2295 unde
1326 2250 1373 2293 se-

248 2329 367 2411 quitur,
391 2337 429 2394 ut
451 2330 493 2393 ad
515 2330 671 2394 Herodoti
694 2351 824 2413 quoque
847 2331 959 2397 Musas
982 2332 1080 2397 verba
1103 2336 1141 2397 ον’
1156 2332 1264 2416 μόνον
1286 2333 1374 2416 μέγα

248 2430 306 2492 καὶ
329 2429 414 2494 noli)
439 2429 476 2494 τό
499 2432 685 2517 εὐφραῖνον
708 2431 797 2495 utta
820 2434 880 2495 καὶ
904 2432 1065 2517 καθαρόν
1088 2437 1146 2497 καὶ
1160 2422 1369 2518 άμεταμεληζ

248 2529 308 2595 τόν
330 2530 422 2596 ἐστιν
443 2533 559 2598 referri
581 2555 711 2598 necesse
734 2536 786 2598 sit.
818 2534 935 2617 Itaque
958 2535 1043 2599 idem
1065 2535 1261 2600 Plutarchus
1284 2535 1373 2600 nullo

231 2633 343 2698 'modo
382 2642 497 2698 auctor
531 2636 649 2700 horum
680 2635 852 2700 verborum
881 2636 981 2700 fuisse
1009 2644 1134 2719 potest:
1168 2640 1217 2703 De
1254 2636 1373 2702 Herod.

249 2734 381 2816 malign.
420 2757 490 2819 cap.
525 2736 567 2799 43
609 2733 652 2798 Τι’
683 2726 741 2800 οὖν
769 2739 938 2822 περίεστιν
968 2736 1107 2815 ἔνδοξον
1140 2737 1160 2817 ἢ
1188 2740 1276 2822 μέγα
1307 2741 1375 2813 τοῖς

243 2834 399 2911 Ἕλλησιν
426 2832 484 2898 ἀπ’
510 2836 650 2901 Ιἐκείνων
679 2841 742 2900 τῶν
773 2837 927 2917 άγώνων,
955 2833 987 2903 εἰ
1013 2839 1288 2920 Λακεδαιμόνιοι
1315 2844 1375 2922 μὲν

249 2933 394 3008 άόπλοις
409 2935 588 3020 ἐμάχοντό,
612 2938 690 3013 τούς
706 2938 735 3005 δΙ
754 2937 915 3018 άλλωυςή
938 2938 1029 3026 μάχη
1055 2941 1227 3028 παρόντας
1249 2938 1373 3012 ἔλαθε,

252 3036 347 3101 κεινά
375 3040 411 3103 δὲ
438 3040 649 3122 πολυάνδρια
682 3037 850 3123 τιμώμενα
873 3040 1030 3119 ἑκάστοις
1052 3046 1182 3133 *produn
1209 3047 1244 3109 δὲ
1266 3065 1374 3126 γραμ-

249 3137 367 3232 μάτων
392 3143 508 3224 pantol
536 3138 688 3226 τρίποδες
711 3140 826 3207 ἑστᾶσι
850 3145 907 3206 καὶ
928 3145 1037 3229 βωμοὶ
1059 3146 1151 3233 παρά
1175 3149 1245 3220 τοῖς
1269 3142 1377 3224 θεοῖς,

249 3237 354 3322 μόνος
377 3241 412 3304 δὲ
437 3238 587 3318 τάληθὲς
608 3239 791 3328 Ἡρόδοτος
815 3243 910 3328 ἔγνω,
933 3247 1008 3322 τους
1031 3248 1060 3311 δ’
1082 3249 1208 3323 ἄλλους
1224 3245 1378 3320 ἅπαντας

250 3339 541 3426 άνθράπουςόσοι
559 3341 838 3427 λόγονἙλλήνων
853 3344 995 3434 ἔχουσιν,
1018 3347 1228 3428 ἐξηπάτηκεν
1244 3345 1376 3433 ήιγήμη
1420 3375 1422 3378 ’
1567 3321 1590 3354 '⁴

253 3445 315 3508 των
338 3442 412 3509 τότε
437 3445 725 3530 κατορθωμάτων,
749 3444 791 3521 τός
814 3443 992 3535 ὑπερφυῶν
1014 3452 1208 3537 γινομένων.

336 3547 553 3612 Vehementer
574 3548 660 3612 enim
678 3547 861 3634 Lahmeyer
883 3571 920 3616 eo
943 3555 1100 3635 peccavit,
1122 3553 1210 3635 quod
1233 3553 1378 3637 neglexit

252 3655 283 3712 et
303 3648 403 3713 verba
423 3647 464 3713 ον’
485 3647 593 3733 μόνον
615 3651 702 3733 μέγα
727 3651 784 3713 καὶ
800 3651 887 3716 πολι)
903 3653 941 3717 τό
961 3653 1142 3739 εὐφραῖνον
1161 3655 1234 3736 xri,
1254 3657 1376 3739 quippe

252 3770 338 3830 quae
368 3751 410 3814 ad
440 3753 599 3818 orationis
622 3757 825 3817 venustatem
847 3776 967 3819 unam
995 3755 1127 3821 minime
1150 3763 1315 3841 spectent,
1344 3763 1378 3822 et

254 3853 508 3936 oppositionem,
540 3876 622 3937 quae
652 3853 691 3917 fit
712 3854 819 3920 verbis
848 3852 921 3918 ἔστι
944 3855 1008 3941 γάρ
1032 3867 1086 3921 καὶ
1111 3862 1178 3934 τοῖς
1199 3860 1318 3924 άνιωσι
1339 3856 1378 3922 τό

251 3950 333 4035 μεθ1
356 3953 480 4033 ἡδονῆς
502 3979 590 4030 τινος
612 3952 806 4019 duodenum
827 3964 861 4021 et
884 3952 970 4023 όταν
989 3964 1025 4026 δὲ
1045 3963 1152 4042 μηδὲν
1175 3959 1294 4047 ἔχουσα
1323 3965 1378 4026 λυ·

252 4051 359 4140 πηρόν
381 4049 403 4131 ἢ
423 4056 593 4144 βλαβερόν
617 4055 682 4123 κτὲ.
702 4064 704 4068 ’
727 4057 789 4143 Qui
820 4058 922 4141 igitur
951 4061 991 4126 de
1013 4062 1181 4129 Herodoto
1213 4064 1275 4129 hoo
1297 4065 1379 4131 iudi-
