<?xml version="1.0" encoding="UTF-8"?>
<!DOCTYPE html PUBLIC "-//W3C//DTD XHTML 1.0 Transitional//EN"
    "http://www.w3.org/TR/xhtml1/DTD/xhtml1-transitional.dtd">
<html xmlns="http://www.w3.org/1999/xhtml" xml:lang="en" lang="en">
 <head>
  <title>
</title>
<meta http-equiv="Content-Type" content="text/html;charset=utf-8" />
  <meta name='ocr-system' content='tesseract 3.04.00' />
  <meta name='ocr-capabilities' content='ocr_page ocr_carea ocr_par ocr_line ocrx_word'/>
</head>
<body>
  <div class='ocr_page' id='page_1' title='image "./quaestionesplut00hbgoog_0047.png"; bbox 0 0 3182 4906; ppageno 0'>
   <div class='ocr_carea' id='block_1_1' title="bbox 712 439 1376 505">
    <p class='ocr_par' dir='ltr' id='par_1_1' title="bbox 712 439 1376 505">
     <span class='ocr_line' id='line_1_1' title="bbox 712 439 1376 505; baseline 0.005 -3"><span class='ocrx_word' id='word_1_1' title='bbox 712 439 920 503; x_wconf 60' lang='lat'><em>-36-</em></span> <span class='ocrx_word' id='word_1_2' title='bbox 1359 475 1376 505; x_wconf 70' lang='grc' dir='ltr'><strong><em>ι</em></strong></span> 
     </span>
    </p>
   </div>
   <div class='ocr_carea' id='block_1_2' title="bbox 254 606 1387 1611">
    <p class='ocr_par' dir='ltr' id='par_1_2' title="bbox 254 606 1387 1611">
     <span class='ocr_line' id='line_1_2' title="bbox 254 606 1382 698; baseline 0.004 -25"><span class='ocrx_word' id='word_1_3' title='bbox 254 610 340 695; x_wconf 87' lang='grc' dir='ltr'><em>μένα</em></span> <span class='ocrx_word' id='word_1_4' title='bbox 372 608 578 696; x_wconf 81' lang='grc' dir='ltr'><em>δεξάμενος,</em></span> <span class='ocrx_word' id='word_1_5' title='bbox 608 606 703 690; x_wconf 75' lang='grc' dir='ltr'><em>ἥσθη</em></span> <span class='ocrx_word' id='word_1_6' title='bbox 734 611 792 674; x_wconf 86' lang='grc' dir='ltr'><em>καὶ</em></span> <span class='ocrx_word' id='word_1_7' title='bbox 846 606 1181 693; x_wconf 81' lang='grc' dir='ltr'><em>τικόνέξέπεμψε</em></span> <span class='ocrx_word' id='word_1_8' title='bbox 1205 608 1382 698; x_wconf 87' lang='grc' dir='ltr'><em>προστά-</em></span> 
     </span>
     <span class='ocr_line' id='line_1_3' title="bbox 257 709 1382 800; baseline 0.003 -24"><span class='ocrx_word' id='word_1_9' title='bbox 257 709 792 800; x_wconf 79' lang='grc' dir='ltr'><em>τέλοςεύθύςὲξέφερεπρόςτούς</em></span> <span class='ocrx_word' id='word_1_10' title='bbox 846 711 922 789; x_wconf 82' lang='grc' dir='ltr'><em>ξας</em></span> <span class='ocrx_word' id='word_1_11' title='bbox 940 713 1205 798; x_wconf 75' lang='grc' dir='ltr'><em>ἐμφράττειν</em></span> <span class='ocrx_word' id='word_1_12' title='bbox 1226 714 1298 780; x_wconf 92' lang='grc' dir='ltr'><em>τόν</em></span> <span class='ocrx_word' id='word_1_13' title='bbox 1317 740 1382 799; x_wconf 87' lang='grc' dir='ltr'><em>με·</em></span> 
     </span>
     <span class='ocr_line' id='line_1_4' title="bbox 256 811 1383 900; baseline -0.001 -21"><span class='ocrx_word' id='word_1_14' title='bbox 256 812 425 898; x_wconf 70' lang='grc' dir='ltr'><em>ἡγεμόνας</em></span> <span class='ocrx_word' id='word_1_15' title='bbox 448 818 513 879; x_wconf 84' lang='grc' dir='ltr'><em>τῶν</em></span> <span class='ocrx_word' id='word_1_16' title='bbox 535 817 616 880; x_wconf 80' lang='grc' dir='ltr'><em>νεῶν</em></span> <span class='ocrx_word' id='word_1_17' title='bbox 642 813 703 890; x_wconf 91' lang='grc' dir='ltr'><em>τάς</em></span> <span class='ocrx_word' id='word_1_18' title='bbox 732 819 793 898; x_wconf 76' lang='grc' dir='ltr'><em>μέν</em></span> <span class='ocrx_word' id='word_1_19' title='bbox 846 811 949 892; x_wconf 58' lang='lat' dir='ltr'><em>vagi&gt;</em></span> <span class='ocrx_word' id='word_1_20' title='bbox 971 813 1099 900; x_wconf 87' lang='grc' dir='ltr'><em>πόρον</em></span> <span class='ocrx_word' id='word_1_21' title='bbox 1125 816 1199 894; x_wconf 80' lang='grc' dir='ltr'><em>τῆς</em></span> <span class='ocrx_word' id='word_1_22' title='bbox 1223 840 1265 880; x_wconf 92' lang='grc' dir='ltr'><em>τε</em></span> <span class='ocrx_word' id='word_1_23' title='bbox 1288 816 1383 879; x_wconf 87' lang='grc' dir='ltr'><em>Σα-</em></span> 
     </span>
     <span class='ocr_line' id='line_1_5' title="bbox 255 910 1382 1001; baseline 0.002 -23"><span class='ocrx_word' id='word_1_24' title='bbox 255 913 363 992; x_wconf 86' lang='grc' dir='ltr'><em>άλλας</em></span> <span class='ocrx_word' id='word_1_25' title='bbox 379 917 528 1000; x_wconf 80' lang='grc' dir='ltr'><em>πληροῦν</em></span> <span class='ocrx_word' id='word_1_26' title='bbox 539 910 626 979; x_wconf 66' lang='grc' dir='ltr'><em>καθ’</em></span> <span class='ocrx_word' id='word_1_27' title='bbox 642 914 793 1001; x_wconf 81' lang='grc' dir='ltr'><em>ἡσυχίαν,</em></span> <span class='ocrx_word' id='word_1_28' title='bbox 845 916 1027 998; x_wconf 85' lang='grc' dir='ltr'><em>λαμῐνος</em></span> <span class='ocrx_word' id='word_1_29' title='bbox 1051 920 1124 981; x_wconf 81' lang='grc' dir='ltr'><em>καὶ</em></span> <span class='ocrx_word' id='word_1_30' title='bbox 1148 919 1218 993; x_wconf 77' lang='grc' dir='ltr'><em>τῆς</em></span> <span class='ocrx_word' id='word_1_31' title='bbox 1240 920 1382 1000; x_wconf 84' lang='grc' dir='ltr'><em>Μεγα·</em></span> 
     </span>
     <span class='ocr_line' id='line_1_6' title="bbox 256 1015 1385 1105; baseline -0.001 -20"><span class='ocrx_word' id='word_1_32' title='bbox 256 1016 794 1104; x_wconf 76' lang='grc' dir='ltr'><em>ὃιακοσίαιςὸ’άναχθὲν-</em></span> <span class='ocrx_word' id='word_1_33' title='bbox 845 1015 969 1101; x_wconf 81' lang='grc' dir='ltr'><em>ρίόος</em></span> <span class='ocrx_word' id='word_1_34' title='bbox 994 1017 1136 1105; x_wconf 77' lang='grc' dir='ltr'><em>χαίρεις.</em></span> <span class='ocrx_word' id='word_1_35' title='bbox 1168 1019 1206 1084; x_wconf 89' lang='grc' dir='ltr'><em>τό</em></span> <span class='ocrx_word' id='word_1_36' title='bbox 1235 1023 1271 1085; x_wconf 78' lang='grc' dir='ltr'><em>δέ</em></span> <span class='ocrx_word' id='word_1_37' title='bbox 1299 1017 1385 1085; x_wconf 85' lang='grc' dir='ltr'><em>ἄλλο</em></span> 
     </span>
     <span class='ocr_line' id='line_1_7' title="bbox 255 1117 1385 1205; baseline 0.002 -21"><span class='ocrx_word' id='word_1_38' title='bbox 255 1145 334 1196; x_wconf 87' lang='grc' dir='ltr'><em>τας</em></span> <span class='ocrx_word' id='word_1_39' title='bbox 356 1117 433 1199; x_wconf 75' lang='grc' dir='ltr'><em>ἤδη</em></span> <span class='ocrx_word' id='word_1_40' title='bbox 457 1120 794 1205; x_wconf 77' lang='grc' dir='ltr'><strong><em>περιβαλέσθαι</em></strong></span> <span class='ocrx_word' id='word_1_41' title='bbox 847 1120 983 1198; x_wconf 75' lang='grc' dir='ltr'><em>πλῆθος</em></span> <span class='ocrx_word' id='word_1_42' title='bbox 1012 1123 1076 1183; x_wconf 78' lang='grc' dir='ltr'><em>τῶν</em></span> <span class='ocrx_word' id='word_1_43' title='bbox 1098 1123 1179 1186; x_wconf 80' lang='grc' dir='ltr'><em>νεῶν</em></span> <span class='ocrx_word' id='word_1_44' title='bbox 1201 1118 1385 1204; x_wconf 71' lang='grc' dir='ltr'><em>ἐξέπεμψεν</em></span> 
     </span>
     <span class='ocr_line' id='line_1_8' title="bbox 257 1218 1383 1307; baseline 0.001 -21"><span class='ocrx_word' id='word_1_45' title='bbox 257 1219 331 1287; x_wconf 91' lang='grc' dir='ltr'><em>τόν</em></span> <span class='ocrx_word' id='word_1_46' title='bbox 383 1220 518 1306; x_wconf 91' lang='grc' dir='ltr'><em>πόρον</em></span> <span class='ocrx_word' id='word_1_47' title='bbox 569 1222 610 1286; x_wconf 75' lang='grc' dir='ltr'><em>ἐν</em></span> <span class='ocrx_word' id='word_1_48' title='bbox 654 1218 795 1304; x_wconf 82' lang='grc' dir='ltr'><strong><em>κύκλῳ</em></strong></span> <span class='ocrx_word' id='word_1_49' title='bbox 848 1223 901 1285; x_wconf 80' lang='grc' dir='ltr'><em>ἐπὶ</em></span> <span class='ocrx_word' id='word_1_50' title='bbox 937 1222 1000 1300; x_wconf 74' lang='grc' dir='ltr'><em>τήν</em></span> <span class='ocrx_word' id='word_1_51' title='bbox 1034 1222 1245 1304; x_wconf 81' lang='grc' dir='ltr'><em>Σαλαμῖνα,</em></span> <span class='ocrx_word' id='word_1_52' title='bbox 1277 1245 1383 1307; x_wconf 86' lang='grc' dir='ltr'><em>προσ-</em></span> 
     </span>
     <span class='ocr_line' id='line_1_9' title="bbox 256 1319 1382 1402; baseline 0.001 -15"><span class='ocrx_word' id='word_1_53' title='bbox 256 1323 395 1388; x_wconf 90' lang='grc' dir='ltr'><em>πάντα</em></span> <span class='ocrx_word' id='word_1_54' title='bbox 409 1322 642 1402; x_wconf 81' lang='grc' dir='ltr'><em>καὶόιαζῶσαι</em></span> <span class='ocrx_word' id='word_1_55' title='bbox 654 1322 717 1397; x_wconf 88' lang='grc' dir='ltr'><em>τάς</em></span> <span class='ocrx_word' id='word_1_56' title='bbox 735 1322 793 1398; x_wconf 79' lang='grc' dir='ltr'><em>νύ·</em></span> <span class='ocrx_word' id='word_1_57' title='bbox 846 1323 954 1398; x_wconf 73' lang='grc' dir='ltr'><em>τάξας</em></span> <span class='ocrx_word' id='word_1_58' title='bbox 983 1319 1196 1400; x_wconf 76' lang='grc' dir='ltr'><em>ἐξάπτεσθαι</em></span> <span class='ocrx_word' id='word_1_59' title='bbox 1227 1329 1292 1389; x_wconf 84' lang='grc' dir='ltr'><em>τῶν</em></span> <span class='ocrx_word' id='word_1_60' title='bbox 1325 1346 1382 1388; x_wconf 91' lang='grc' dir='ltr'><em>πο-</em></span> 
     </span>
     <span class='ocr_line' id='line_1_10' title="bbox 256 1418 1387 1512; baseline 0 -23"><span class='ocrx_word' id='word_1_61' title='bbox 256 1448 354 1506; x_wconf 84' lang='grc' dir='ltr'><em>σονς,</em></span> <span class='ocrx_word' id='word_1_62' title='bbox 387 1418 475 1500; x_wconf 80' lang='grc' dir='ltr'><em>ὅπως</em></span> <span class='ocrx_word' id='word_1_63' title='bbox 504 1425 647 1511; x_wconf 72' lang='grc' dir='ltr'><em>ἐκφύγοι</em></span> <span class='ocrx_word' id='word_1_64' title='bbox 673 1425 795 1509; x_wconf 81' lang='grc' dir='ltr'><em>μηδεὶς</em></span> <span class='ocrx_word' id='word_1_65' title='bbox 847 1423 971 1508; x_wconf 86' lang='grc' dir='ltr'><em>λεμίων</em></span> <span class='ocrx_word' id='word_1_66' title='bbox 995 1426 1052 1490; x_wconf 89' lang='grc' dir='ltr'><em>καὶ</em></span> <span class='ocrx_word' id='word_1_67' title='bbox 1068 1424 1239 1512; x_wconf 76' lang='grc' dir='ltr'><em>ναυμαχίᾳ</em></span> <span class='ocrx_word' id='word_1_68' title='bbox 1262 1427 1387 1510; x_wconf 87' lang='grc' dir='ltr'><em>κρίνειν</em></span> 
     </span>
     <span class='ocr_line' id='line_1_11' title="bbox 258 1523 1054 1611; baseline 0.003 -20"><span class='ocrx_word' id='word_1_69' title='bbox 258 1530 323 1593; x_wconf 82' lang='grc' dir='ltr'><em>τῶν</em></span> <span class='ocrx_word' id='word_1_70' title='bbox 344 1523 523 1608; x_wconf 82' lang='grc' dir='ltr'><em>πολεμίων,</em></span> <span class='ocrx_word' id='word_1_71' title='bbox 846 1526 908 1591; x_wconf 89' lang='grc' dir='ltr'><em>τόν</em></span> <span class='ocrx_word' id='word_1_72' title='bbox 931 1527 1054 1611; x_wconf 83' lang='grc' dir='ltr'><em>άγῶνα.</em></span> 
     </span>
    </p>
   </div>
   <div class='ocr_carea' id='block_1_3' title="bbox 341 1661 1385 1749">
    <p class='ocr_par' dir='ltr' id='par_1_3' title="bbox 341 1661 1385 1749">
     <span class='ocr_line' id='line_1_12' title="bbox 341 1661 1385 1749; baseline 0.002 -22"><span class='ocrx_word' id='word_1_73' title='bbox 341 1664 411 1728; x_wconf 84' lang='lat' dir='ltr'><em>Iam</em></span> <span class='ocrx_word' id='word_1_74' title='bbox 441 1682 541 1747; x_wconf 84' lang='lat' dir='ltr'>supra</span> <span class='ocrx_word' id='word_1_75' title='bbox 572 1662 617 1748; x_wconf 88' lang='lat' dir='ltr'><em>(p.</em></span> <span class='ocrx_word' id='word_1_76' title='bbox 641 1664 697 1749; x_wconf 87' lang='grc'><em>26)</em></span> <span class='ocrx_word' id='word_1_77' title='bbox 727 1665 917 1747; x_wconf 79' lang='lat' dir='ltr'><strong>negavimus</strong></span> <span class='ocrx_word' id='word_1_78' title='bbox 939 1663 1072 1727; x_wconf 82' lang='lat' dir='ltr'><strong>illarum</strong></span> <span class='ocrx_word' id='word_1_79' title='bbox 1095 1661 1303 1729; x_wconf 79' lang='lat' dir='ltr'><strong>ducentarum</strong></span> <span class='ocrx_word' id='word_1_80' title='bbox 1328 1686 1385 1730; x_wconf 87' lang='lat' dir='ltr'><em>na-</em></span> 
     </span>
    </p>
   </div>
   <div class='ocr_carea' id='block_1_4' title="bbox 149 1757 1428 1849">
    <p class='ocr_par' dir='ltr' id='par_1_4' title="bbox 149 1757 1428 1849">
     <span class='ocr_line' id='line_1_13' title="bbox 149 1757 1428 1849; baseline 0.001 -21"><span class='ocrx_word' id='word_1_81' title='bbox 149 1757 152 1763; x_wconf 72' lang='grc'>’</span> <span class='ocrx_word' id='word_1_82' title='bbox 258 1764 346 1829; x_wconf 79' lang='lat' dir='ltr'><strong>vium</strong></span> <span class='ocrx_word' id='word_1_83' title='bbox 375 1765 574 1830; x_wconf 74' lang='lat' dir='ltr'><strong>mentionem</strong></span> <span class='ocrx_word' id='word_1_84' title='bbox 599 1766 690 1848; x_wconf 80' lang='lat' dir='ltr'>apud</span> <span class='ocrx_word' id='word_1_85' title='bbox 712 1765 915 1831; x_wconf 81' lang='lat' dir='ltr'><strong>Herodotum</strong></span> <span class='ocrx_word' id='word_1_86' title='bbox 937 1770 1081 1846; x_wconf 75' lang='lat' dir='ltr'><em>exstare,</em></span> <span class='ocrx_word' id='word_1_87' title='bbox 1112 1766 1268 1849; x_wconf 71' lang='lat' dir='ltr'><strong>intelligit</strong></span> <span class='ocrx_word' id='word_1_88' title='bbox 1289 1766 1387 1849; x_wconf 74' lang='lat' dir='ltr'><strong>igitur</strong></span> <span class='ocrx_word' id='word_1_89' title='bbox 1426 1786 1428 1793; x_wconf 80' lang='grc'><strong>’</strong></span> 
     </span>
    </p>
   </div>
   <div class='ocr_carea' id='block_1_5' title="bbox 259 1866 1393 2158">
    <p class='ocr_par' dir='ltr' id='par_1_5' title="bbox 259 1866 1393 2158">
     <span class='ocr_line' id='line_1_14' title="bbox 260 1866 1388 1951; baseline 0.001 -21"><span class='ocrx_word' id='word_1_90' title='bbox 260 1866 485 1949; x_wconf 81' lang='lat' dir='ltr'><strong>unusquisque</strong></span> <span class='ocrx_word' id='word_1_91' title='bbox 517 1888 552 1930; x_wconf 84' lang='lat' dir='ltr'><em>re</em></span> <span class='ocrx_word' id='word_1_92' title='bbox 574 1888 650 1931; x_wconf 85' lang='lat' dir='ltr'><strong>vera</strong></span> <span class='ocrx_word' id='word_1_93' title='bbox 676 1868 738 1932; x_wconf 83' lang='lat' dir='ltr'><em>hoe</em></span> <span class='ocrx_word' id='word_1_94' title='bbox 762 1867 892 1950; x_wconf 88' lang='lat' dir='ltr'><strong>quidem</strong></span> <span class='ocrx_word' id='word_1_95' title='bbox 914 1868 987 1935; x_wconf 78' lang='lat' dir='ltr'><strong>leco</strong></span> <span class='ocrx_word' id='word_1_96' title='bbox 1009 1866 1189 1931; x_wconf 81' lang='lat' dir='ltr'><strong>Diodorum</strong></span> <span class='ocrx_word' id='word_1_97' title='bbox 1210 1870 1345 1951; x_wconf 81' lang='lat' dir='ltr'><strong>propius</strong></span> <span class='ocrx_word' id='word_1_98' title='bbox 1369 1889 1388 1931; x_wconf 83' lang='lat' dir='ltr'>a</span> 
     </span>
     <span class='ocr_line' id='line_1_15' title="bbox 259 1966 1393 2053; baseline 0.003 -22"><span class='ocrx_word' id='word_1_99' title='bbox 259 1966 437 2033; x_wconf 80' lang='lat' dir='ltr'><strong>Phitareho</strong></span> <span class='ocrx_word' id='word_1_100' title='bbox 468 1969 597 2052; x_wconf 83' lang='lat' dir='ltr'><strong>abesse,</strong></span> <span class='ocrx_word' id='word_1_101' title='bbox 627 1971 823 2053; x_wconf 80' lang='lat' dir='ltr'><strong>praesertim</strong></span> <span class='ocrx_word' id='word_1_102' title='bbox 856 1990 928 2033; x_wconf 83' lang='lat' dir='ltr'><em>eum</em></span> <span class='ocrx_word' id='word_1_103' title='bbox 958 1969 1115 2033; x_wconf 79' lang='lat' dir='ltr'><strong>ducentae</strong></span> <span class='ocrx_word' id='word_1_104' title='bbox 1143 1990 1242 2034; x_wconf 80' lang='lat' dir='ltr'><strong>naves</strong></span> <span class='ocrx_word' id='word_1_105' title='bbox 1265 1970 1306 2034; x_wconf 87' lang='lat' dir='ltr'><em>ab</em></span> <span class='ocrx_word' id='word_1_106' title='bbox 1327 1970 1393 2034; x_wconf 75' lang='lat' dir='ltr'><em>Ae·</em></span> 
     </span>
     <span class='ocr_line' id='line_1_16' title="bbox 259 2070 1068 2158; baseline 0.001 -24"><span class='ocrx_word' id='word_1_107' title='bbox 259 2070 380 2153; x_wconf 81' lang='lat' dir='ltr'><strong>gyptiis</strong></span> <span class='ocrx_word' id='word_1_108' title='bbox 403 2077 533 2136; x_wconf 82' lang='lat' dir='ltr'>ornatas</span> <span class='ocrx_word' id='word_1_109' title='bbox 556 2092 626 2136; x_wconf 87' lang='lat' dir='ltr'><strong>esse</strong></span> <span class='ocrx_word' id='word_1_110' title='bbox 648 2070 717 2154; x_wconf 83' lang='lat' dir='ltr'><strong>ipse</strong></span> <span class='ocrx_word' id='word_1_111' title='bbox 739 2071 861 2136; x_wconf 76' lang='lat' dir='ltr'><strong>referat</strong></span> <span class='ocrx_word' id='word_1_112' title='bbox 884 2070 953 2154; x_wconf 83' lang='lat' dir='ltr'>(XI,</span> <span class='ocrx_word' id='word_1_113' title='bbox 976 2070 1068 2158; x_wconf 83' lang='lat'><strong>3)²1).</strong></span> 
     </span>
    </p>
   </div>
   <div class='ocr_carea' id='block_1_6' title="bbox 184 2221 1406 3432">
    <p class='ocr_par' dir='ltr' id='par_1_6' title="bbox 184 2221 1406 3432">
     <span class='ocr_line' id='line_1_17' title="bbox 260 2221 1389 2311; baseline 0.002 -24"><span class='ocrx_word' id='word_1_114' title='bbox 260 2222 343 2287; x_wconf 91' lang='lat' dir='ltr'><em>Tum</em></span> <span class='ocrx_word' id='word_1_115' title='bbox 362 2223 403 2287; x_wconf 83' lang='lat' dir='ltr'><em>ci.</em></span> <span class='ocrx_word' id='word_1_116' title='bbox 430 2223 541 2288; x_wconf 88' lang='lat' dir='ltr'><strong>Them.</strong></span> <span class='ocrx_word' id='word_1_117' title='bbox 564 2244 589 2287; x_wconf 85' lang='grc' dir='ltr'><em>ο.</em></span> <span class='ocrx_word' id='word_1_118' title='bbox 611 2226 651 2288; x_wconf 87' lang='grc'><em>14</em></span> <span class='ocrx_word' id='word_1_119' title='bbox 672 2225 729 2288; x_wconf 85' lang='grc' dir='ltr'><em>καὶ</em></span> <span class='ocrx_word' id='word_1_120' title='bbox 752 2224 834 2311; x_wconf 69' lang='lat'><em>16⁰¹</em></span> <span class='ocrx_word' id='word_1_121' title='bbox 851 2224 954 2308; x_wconf 84' lang='lat' dir='ltr'><strong>Diod,</strong></span> <span class='ocrx_word' id='word_1_122' title='bbox 981 2223 1034 2288; x_wconf 89' lang='lat' dir='ltr'><em>XI.</em></span> <span class='ocrx_word' id='word_1_123' title='bbox 1060 2225 1098 2288; x_wconf 81' lang='lat'><em>18</em></span> <span class='ocrx_word' id='word_1_124' title='bbox 1121 2221 1138 2288; x_wconf 97' lang='lat'><em>6</em></span> <span class='ocrx_word' id='word_1_125' title='bbox 1163 2227 1199 2289; x_wconf 76' lang='grc' dir='ltr'><em>δὲ</em></span> <span class='ocrx_word' id='word_1_126' title='bbox 1221 2221 1389 2309; x_wconf 82' lang='grc' dir='ltr'><em>ναύαρχος</em></span> 
     </span>
     <span class='ocr_line' id='line_1_18' title="bbox 262 2320 1389 2411; baseline 0.002 -23"><span class='ocrx_word' id='word_1_127' title='bbox 262 2324 486 2406; x_wconf 74' lang='grc' dir='ltr'><em>Θεμιστοκλεῖ</em></span> <span class='ocrx_word' id='word_1_128' title='bbox 512 2326 730 2411; x_wconf 80' lang='grc' dir='ltr'><em>προσέχουσιν</em></span> <span class='ocrx_word' id='word_1_129' title='bbox 757 2320 799 2399; x_wconf 78' lang='grc' dir='ltr'><em>ὥς</em></span> <span class='ocrx_word' id='word_1_130' title='bbox 852 2322 1103 2409; x_wconf 76' lang='grc' dir='ltr'><em>προηγούμενος</em></span> <span class='ocrx_word' id='word_1_131' title='bbox 1118 2327 1174 2403; x_wconf 77' lang='grc' dir='ltr'><em>τῆς</em></span> <span class='ocrx_word' id='word_1_132' title='bbox 1191 2323 1315 2403; x_wconf 81' lang='grc' dir='ltr'><em>τάξεως</em></span> <span class='ocrx_word' id='word_1_133' title='bbox 1331 2329 1389 2391; x_wconf 89' lang='grc' dir='ltr'><em>καὶ</em></span> 
     </span>
     <span class='ocr_line' id='line_1_19' title="bbox 184 2420 1390 2514; baseline 0.003 -25"><span class='ocrx_word' id='word_1_134' title='bbox 184 2420 190 2432; x_wconf 72' lang='grc'><em>’</em></span> <span class='ocrx_word' id='word_1_135' title='bbox 261 2421 379 2510; x_wconf 84' lang='grc' dir='ltr'><em>ὁρῶντι</em></span> <span class='ocrx_word' id='word_1_136' title='bbox 401 2425 554 2510; x_wconf 84' lang='grc' dir='ltr'><em>μάλιστα</em></span> <span class='ocrx_word' id='word_1_137' title='bbox 571 2426 610 2491; x_wconf 89' lang='grc' dir='ltr'><em>τό</em></span> <span class='ocrx_word' id='word_1_138' title='bbox 627 2426 800 2514; x_wconf 77' lang='grc' dir='ltr'><em>συμφέρον</em></span> <span class='ocrx_word' id='word_1_139' title='bbox 852 2434 983 2511; x_wconf 77' lang='grc' dir='ltr'><em>πρῶτος</em></span> <span class='ocrx_word' id='word_1_140' title='bbox 1008 2425 1166 2508; x_wconf 78' lang='grc' dir='ltr'><em>συνάψας</em></span> <span class='ocrx_word' id='word_1_141' title='bbox 1187 2425 1301 2513; x_wconf 87' lang='grc' dir='ltr'><em>μάχην</em></span> <span class='ocrx_word' id='word_1_142' title='bbox 1323 2431 1390 2493; x_wconf 79' lang='grc' dir='ltr'><em>διε-</em></span> 
     </span>
     <span class='ocr_line' id='line_1_20' title="bbox 262 2520 1406 2617; baseline 0.003 -26"><span class='ocrx_word' id='word_1_143' title='bbox 262 2530 321 2591; x_wconf 88' lang='grc' dir='ltr'><em>καὶ</em></span> <span class='ocrx_word' id='word_1_144' title='bbox 352 2520 406 2592; x_wconf 87' lang='grc' dir='ltr'><em>ότι</em></span> <span class='ocrx_word' id='word_1_145' title='bbox 432 2526 506 2592; x_wconf 79' lang='grc' dir='ltr'><em>κατ’</em></span> <span class='ocrx_word' id='word_1_146' title='bbox 528 2530 658 2595; x_wconf 80' lang='grc' dir='ltr'><em>ἐκεῖνον</em></span> <span class='ocrx_word' id='word_1_147' title='bbox 681 2531 699 2594; x_wconf 89' lang='grc' dir='ltr'>ὁ</span> <span class='ocrx_word' id='word_1_148' title='bbox 721 2524 800 2614; x_wconf 82' lang='grc' dir='ltr'><em>Ξέρ-</em></span> <span class='ocrx_word' id='word_1_149' title='bbox 851 2528 976 2617; x_wconf 74' lang='grc' dir='ltr'><em>φθάρη</em></span> <span class='ocrx_word' id='word_1_150' title='bbox 1000 2531 1160 2613; x_wconf 81' lang='grc' dir='ltr'><em>λαμπρῶς</em></span> <span class='ocrx_word' id='word_1_151' title='bbox 1181 2527 1406 2610; x_wconf 65' lang='grc' dir='ltr'><em>ἀγωνισάμε-</em></span> 
     </span>
     <span class='ocr_line' id='line_1_21' title="bbox 260 2626 1391 2725; baseline 0.002 -30"><span class='ocrx_word' id='word_1_152' title='bbox 260 2626 315 2725; x_wconf 80' lang='grc' dir='ltr'><em>ξης</em></span> <span class='ocrx_word' id='word_1_153' title='bbox 332 2630 497 2715; x_wconf 82' lang='grc' dir='ltr'><em>ναύαρχος</em></span> <span class='ocrx_word' id='word_1_154' title='bbox 509 2632 702 2716; x_wconf 77' lang='grc' dir='ltr'><em>Ἀριαμένης</em></span> <span class='ocrx_word' id='word_1_155' title='bbox 717 2635 799 2696; x_wconf 71' lang='grc' dir='ltr'><em>ναῦν</em></span> <span class='ocrx_word' id='word_1_156' title='bbox 852 2654 914 2704; x_wconf 88' lang='grc' dir='ltr'><em>νος·</em></span> <span class='ocrx_word' id='word_1_157' title='bbox 941 2627 1001 2709; x_wconf 77' lang='grc' dir='ltr'><em>τῆς</em></span> <span class='ocrx_word' id='word_1_158' title='bbox 1019 2632 1054 2697; x_wconf 79' lang='grc' dir='ltr'><em>δὲ</em></span> <span class='ocrx_word' id='word_1_159' title='bbox 1073 2631 1150 2706; x_wconf 78' lang='grc' dir='ltr'><em>νειύς</em></span> <span class='ocrx_word' id='word_1_160' title='bbox 1162 2630 1391 2719; x_wconf 59' lang='grc' dir='ltr'><em>βυθισόείσης</em></span> 
     </span>
     <span class='ocr_line' id='line_1_22' title="bbox 263 2728 1391 2819; baseline 0.002 -23"><span class='ocrx_word' id='word_1_161' title='bbox 263 2728 347 2817; x_wconf 76' lang='grc' dir='ltr'><em>έχων</em></span> <span class='ocrx_word' id='word_1_162' title='bbox 357 2731 511 2816; x_wconf 75' lang='grc' dir='ltr'><em>μεγάλην</em></span> <span class='ocrx_word' id='word_1_163' title='bbox 529 2728 638 2818; x_wconf 82' lang='grc' dir='ltr'><em>ὥσπερ</em></span> <span class='ocrx_word' id='word_1_164' title='bbox 651 2731 718 2797; x_wconf 86' lang='grc' dir='ltr'><em>άπό</em></span> <span class='ocrx_word' id='word_1_165' title='bbox 736 2735 800 2798; x_wconf 87' lang='grc' dir='ltr'><em>τεί-</em></span> <span class='ocrx_word' id='word_1_166' title='bbox 853 2733 984 2817; x_wconf 74' lang='grc' dir='ltr'><em>ταραχή</em></span> <span class='ocrx_word' id='word_1_167' title='bbox 1008 2733 1145 2819; x_wconf 76' lang='grc' dir='ltr'><em>κατέσχε</em></span> <span class='ocrx_word' id='word_1_168' title='bbox 1169 2734 1207 2798; x_wconf 87' lang='grc' dir='ltr'><em>τό</em></span> <span class='ocrx_word' id='word_1_169' title='bbox 1229 2733 1391 2798; x_wconf 88' lang='grc' dir='ltr'><em>ναυτικόν</em></span> 
     </span>
     <span class='ocr_line' id='line_1_23' title="bbox 259 2830 1235 2921; baseline 0.004 -23"><span class='ocrx_word' id='word_1_170' title='bbox 259 2856 341 2918; x_wconf 91' lang='grc' dir='ltr'><em>χονς</em></span> <span class='ocrx_word' id='word_1_171' title='bbox 362 2830 487 2910; x_wconf 76' lang='grc' dir='ltr'><em>ἐτόξευε</em></span> <span class='ocrx_word' id='word_1_172' title='bbox 506 2857 565 2898; x_wconf 92' lang='grc' dir='ltr'><em>και</em></span> <span class='ocrx_word' id='word_1_173' title='bbox 553 2832 748 2915; x_wconf 81' lang='grc' dir='ltr'><em>ηκοντιζε</em></span> <span class='ocrx_word' id='word_1_174' title='bbox 855 2836 917 2900; x_wconf 80' lang='grc' dir='ltr'><em>τῶν</em></span> <span class='ocrx_word' id='word_1_175' title='bbox 940 2834 1136 2921; x_wconf 76' lang='grc' dir='ltr'><em>βαρβάρων.</em></span> <span class='ocrx_word' id='word_1_176' title='bbox 1230 2852 1235 2857; x_wconf 93' lang='grc'><strong>’</strong></span> 
     </span>
     <span class='ocr_line' id='line_1_24' title="bbox 270 2924 1390 3023; baseline 0.001 -25.002"><span class='ocrx_word' id='word_1_177' title='bbox 270 2935 464 3001; x_wconf 78' lang='grc' dir='ltr'><em>Ἰόύτονέ</em></span> <span class='ocrx_word' id='word_1_178' title='bbox 424 2940 485 3019; x_wconf 78' lang='grc' dir='ltr'><em>μέν</em></span> <span class='ocrx_word' id='word_1_179' title='bbox 515 2924 576 3002; x_wconf 77' lang='grc' dir='ltr'><em>οἶν</em></span> <span class='ocrx_word' id='word_1_180' title='bbox 600 2935 803 3021; x_wconf 83' lang='grc' dir='ltr'><em>Ἀμεινίαςό</em></span> <span class='ocrx_word' id='word_1_181' title='bbox 853 2937 946 3002; x_wconf 87' lang='lat' dir='ltr'>Diod.</span> <span class='ocrx_word' id='word_1_182' title='bbox 970 2939 1027 3023; x_wconf 81' lang='lat' dir='ltr'><em>XI,</em></span> <span class='ocrx_word' id='word_1_183' title='bbox 1049 2939 1106 3001; x_wconf 72' lang='lat'><em>27:</em></span> <span class='ocrx_word' id='word_1_184' title='bbox 1128 2928 1225 3012; x_wconf 80' lang='grc' dir='ltr'><em>οὗτος</em></span> <span class='ocrx_word' id='word_1_185' title='bbox 1247 2938 1312 3020; x_wconf 92' lang='grc' dir='ltr'><em>γάρ</em></span> <span class='ocrx_word' id='word_1_186' title='bbox 1334 2935 1390 3022; x_wconf 82' lang='lat' dir='ltr'><strong>(se.</strong></span> 
     </span>
     <span class='ocr_line' id='line_1_25' title="bbox 263 3020 1391 3158; baseline -0.002 -55"><span class='ocrx_word' id='word_1_187' title='bbox 263 3037 425 3113; x_wconf 80' lang='grc' dir='ltr'><em>Δεκελεύς</em></span> <span class='ocrx_word' id='word_1_188' title='bbox 467 3039 524 3102; x_wconf 86' lang='grc' dir='ltr'><em>καὶ</em></span> <span class='ocrx_word' id='word_1_189' title='bbox 562 3036 800 3119; x_wconf 80' lang='grc' dir='ltr'><em>Σωσικλῆς</em></span> <span class='ocrx_word' id='word_1_190' title='bbox 783 3063 801 3104; x_wconf 93' lang='grc' dir='ltr'><em>ο</em></span> <span class='ocrx_word' id='word_1_191' title='bbox 852 3020 1018 3158; x_wconf 82' lang='grc' dir='ltr'><em>Αμεινίας</em></span> <span class='ocrx_word' id='word_1_192' title='bbox 1042 3035 1391 3116; x_wconf 73' lang='grc' dir='ltr'><em>Ἀθηναῖοςόάδελ-</em></span> 
     </span>
     <span class='ocr_line' id='line_1_26' title="bbox 267 3136 1392 3227; baseline 0.004 -27"><span class='ocrx_word' id='word_1_193' title='bbox 267 3137 390 3203; x_wconf 79' lang='grc' dir='ltr'><em>Πεὸιε</em></span> <span class='ocrx_word' id='word_1_194' title='bbox 360 3162 410 3213; x_wconf 90' lang='grc' dir='ltr'><em>νς</em></span> <span class='ocrx_word' id='word_1_195' title='bbox 439 3136 526 3223; x_wconf 82' lang='grc' dir='ltr'><em>ὁμοῦ</em></span> <span class='ocrx_word' id='word_1_196' title='bbox 554 3142 733 3221; x_wconf 84' lang='grc' dir='ltr'><em>πλέοντες,</em></span> <span class='ocrx_word' id='word_1_197' title='bbox 762 3139 804 3216; x_wconf 81' lang='grc' dir='ltr'><em>ὠς</em></span> <span class='ocrx_word' id='word_1_198' title='bbox 854 3140 919 3227; x_wconf 86' lang='grc' dir='ltr'><em>φύς</em></span> <span class='ocrx_word' id='word_1_199' title='bbox 947 3136 1119 3225; x_wconf 87' lang='grc' dir='ltr'><em>Αἰσχύλου</em></span> <span class='ocrx_word' id='word_1_200' title='bbox 1148 3143 1206 3205; x_wconf 82' lang='grc' dir='ltr'><em>τοῦ</em></span> <span class='ocrx_word' id='word_1_201' title='bbox 1234 3140 1392 3226; x_wconf 85' lang='grc' dir='ltr'><em>ποιητοῦ)</em></span> 
     </span>
     <span class='ocr_line' id='line_1_27' title="bbox 219 3240 1394 3331; baseline 0.005 -32"><span class='ocrx_word' id='word_1_202' title='bbox 219 3263 224 3269; x_wconf 93' lang='grc'><em>·</em></span> <span class='ocrx_word' id='word_1_203' title='bbox 265 3240 301 3303; x_wconf 84' lang='grc' dir='ltr'><em>αἱ</em></span> <span class='ocrx_word' id='word_1_204' title='bbox 324 3244 399 3316; x_wconf 80' lang='grc' dir='ltr'><em>νηες</em></span> <span class='ocrx_word' id='word_1_205' title='bbox 423 3240 626 3331; x_wconf 78' lang='grc' dir='ltr'><em>ἀντίπρῳροι</em></span> <span class='ocrx_word' id='word_1_206' title='bbox 652 3265 803 3328; x_wconf 84' lang='grc' dir='ltr'><em>προσπε-</em></span> <span class='ocrx_word' id='word_1_207' title='bbox 856 3246 1059 3329; x_wconf 80' lang='grc' dir='ltr'><em>τριηραρχῶν</em></span> <span class='ocrx_word' id='word_1_208' title='bbox 1089 3244 1219 3324; x_wconf 84' lang='grc' dir='ltr'><em>πρῶτος</em></span> <span class='ocrx_word' id='word_1_209' title='bbox 1247 3240 1394 3325; x_wconf 72' lang='grc' dir='ltr'><em>ἔμβολον</em></span> 
     </span>
     <span class='ocr_line' id='line_1_28' title="bbox 266 3342 1392 3432; baseline 0.002 -27"><span class='ocrx_word' id='word_1_210' title='bbox 266 3343 385 3405; x_wconf 83' lang='grc' dir='ltr'><em>σοῦσαι</em></span> <span class='ocrx_word' id='word_1_211' title='bbox 408 3345 464 3406; x_wconf 84' lang='grc' dir='ltr'><em>καὶ</em></span> <span class='ocrx_word' id='word_1_212' title='bbox 489 3342 714 3429; x_wconf 85' lang='grc' dir='ltr'><em>συνερείσασαι</em></span> <span class='ocrx_word' id='word_1_213' title='bbox 738 3356 806 3421; x_wconf 88' lang='grc' dir='ltr'><em>τοῖς</em></span> <span class='ocrx_word' id='word_1_214' title='bbox 858 3344 962 3411; x_wconf 80' lang='grc' dir='ltr'><em>’έδωκε</em></span> <span class='ocrx_word' id='word_1_215' title='bbox 978 3346 1020 3432; x_wconf 80' lang='grc' dir='ltr'><em>τῇ</em></span> <span class='ocrx_word' id='word_1_216' title='bbox 1034 3343 1205 3432; x_wconf 79' lang='grc' dir='ltr'><em>ναυαρχίόι</em></span> <span class='ocrx_word' id='word_1_217' title='bbox 1219 3343 1283 3407; x_wconf 81' lang='grc' dir='ltr'><em>τῶν</em></span> <span class='ocrx_word' id='word_1_218' title='bbox 1296 3344 1392 3428; x_wconf 83' lang='grc' dir='ltr'><em>Περ-</em></span> 
     </span>
    </p>
   </div>
   <div class='ocr_carea' id='block_1_7' title="bbox 267 3581 1394 3997">
    <p class='ocr_par' dir='ltr' id='par_1_7' title="bbox 267 3581 1394 3994">
     <span class='ocr_line' id='line_1_29' title="bbox 335 3581 1393 3652; baseline 0.001 -18"><span class='ocrx_word' id='word_1_219' title='bbox 335 3582 379 3652; x_wconf 87' lang='grc'><em>21)</em></span> <span class='ocrx_word' id='word_1_220' title='bbox 398 3583 438 3636; x_wconf 80' lang='lat' dir='ltr'><em>ef.</em></span> <span class='ocrx_word' id='word_1_221' title='bbox 465 3582 549 3636; x_wconf 85' lang='lat' dir='ltr'><strong>Stein.</strong></span> <span class='ocrx_word' id='word_1_222' title='bbox 576 3582 619 3636; x_wconf 82' lang='lat' dir='ltr'><em>ad.</em></span> <span class='ocrx_word' id='word_1_223' title='bbox 639 3583 742 3637; x_wconf 85' lang='lat' dir='ltr'><strong>Herod.</strong></span> <span class='ocrx_word' id='word_1_224' title='bbox 763 3583 845 3648; x_wconf 88' lang='lat' dir='ltr'>VIII,</span> <span class='ocrx_word' id='word_1_225' title='bbox 871 3584 919 3648; x_wconf 84' lang='grc'><em>76,</em></span> <span class='ocrx_word' id='word_1_226' title='bbox 947 3581 1127 3651; x_wconf 77' lang='lat' dir='ltr'><em>,‚Aeechylus,</em></span> <span class='ocrx_word' id='word_1_227' title='bbox 1148 3581 1197 3634; x_wconf 87' lang='lat' dir='ltr'><em>der</em></span> <span class='ocrx_word' id='word_1_228' title='bbox 1214 3584 1393 3651; x_wconf 81' lang='lat' dir='ltr'><strong>Augenzeuge</strong></span> 
     </span>
     <span class='ocr_line' id='line_1_30' title="bbox 267 3666 1393 3732; baseline 0.001 -14"><span class='ocrx_word' id='word_1_229' title='bbox 267 3666 315 3719; x_wconf 87' lang='lat' dir='ltr'><em>der</em></span> <span class='ocrx_word' id='word_1_230' title='bbox 341 3666 482 3732; x_wconf 83' lang='lat' dir='ltr'>Schlaeht,</span> <span class='ocrx_word' id='word_1_231' title='bbox 508 3667 573 3721; x_wconf 79' lang='lat' dir='ltr'><em>l6sst</em></span> <span class='ocrx_word' id='word_1_232' title='bbox 596 3669 669 3722; x_wconf 81' lang='lat' dir='ltr'><strong>Pers.</strong></span> <span class='ocrx_word' id='word_1_233' title='bbox 696 3672 745 3722; x_wconf 78' lang='lat'><em>365</em></span> <span class='ocrx_word' id='word_1_234' title='bbox 769 3686 802 3721; x_wconf 84' lang='lat' dir='ltr'><em>zu</em></span> <span class='ocrx_word' id='word_1_235' title='bbox 825 3668 926 3721; x_wconf 81' lang='lat' dir='ltr'><strong>diesem</strong></span> <span class='ocrx_word' id='word_1_236' title='bbox 944 3668 1055 3721; x_wconf 88' lang='lat' dir='ltr'><strong>Zweeke</strong></span> <span class='ocrx_word' id='word_1_237' title='bbox 1078 3667 1146 3718; x_wconf 86' lang='lat' dir='ltr'>noch</span> <span class='ocrx_word' id='word_1_238' title='bbox 1170 3667 1212 3720; x_wconf 90' lang='lat' dir='ltr'><em>ein</em></span> <span class='ocrx_word' id='word_1_239' title='bbox 1230 3667 1325 3720; x_wconf 82' lang='lat' dir='ltr'><strong>drittes</strong></span> <span class='ocrx_word' id='word_1_240' title='bbox 1342 3668 1393 3721; x_wconf 91' lang='lat' dir='ltr'><em>Ge-</em></span> 
     </span>
     <span class='ocr_line' id='line_1_31' title="bbox 267 3750 1394 3806; baseline 0.001 -3"><span class='ocrx_word' id='word_1_241' title='bbox 267 3750 403 3804; x_wconf 81' lang='lat' dir='ltr'><strong>sehwader</strong></span> <span class='ocrx_word' id='word_1_242' title='bbox 427 3753 577 3806; x_wconf 82' lang='lat' dir='ltr'><strong>abeondern</strong></span> <span class='ocrx_word' id='word_1_243' title='bbox 601 3754 657 3806; x_wconf 89' lang='lat' dir='ltr'><em>und</em></span> <span class='ocrx_word' id='word_1_244' title='bbox 681 3771 727 3806; x_wconf 93' lang='lat' dir='ltr'><em>um</em></span> <span class='ocrx_word' id='word_1_245' title='bbox 746 3752 859 3806; x_wconf 84' lang='lat' dir='ltr'><strong>Salamis</strong></span> <span class='ocrx_word' id='word_1_246' title='bbox 876 3753 971 3805; x_wconf 87' lang='lat' dir='ltr'><strong>herum</strong></span> <span class='ocrx_word' id='word_1_247' title='bbox 988 3753 1016 3804; x_wconf 92' lang='lat' dir='ltr'><em>in</em></span> <span class='ocrx_word' id='word_1_248' title='bbox 1033 3751 1077 3804; x_wconf 86' lang='lat' dir='ltr'><em>die</em></span> <span class='ocrx_word' id='word_1_249' title='bbox 1095 3752 1145 3804; x_wconf 83' lang='lat' dir='ltr'><em>Bai</em></span> <span class='ocrx_word' id='word_1_250' title='bbox 1162 3770 1214 3805; x_wconf 91' lang='lat' dir='ltr'><em>von</em></span> <span class='ocrx_word' id='word_1_251' title='bbox 1232 3752 1338 3805; x_wconf 83' lang='lat' dir='ltr'><strong>Eleusis</strong></span> <span class='ocrx_word' id='word_1_252' title='bbox 1355 3770 1394 3804; x_wconf 83' lang='lat' dir='ltr'><em>ee-</em></span> 
     </span>
     <span class='ocr_line' id='line_1_32' title="bbox 267 3836 1393 3907; baseline 0.002 -20"><span class='ocrx_word' id='word_1_253' title='bbox 267 3836 1393 3907; x_wconf 50' lang='lat' dir='ltr'><em>mn,mmfflmmmmmmmmm.Ewmm</em></span> 
     </span>
     <span class='ocr_line' id='line_1_33' title="bbox 268 3921 1391 3997; baseline -0.002 -22"><span class='ocrx_word' id='word_1_254' title='bbox 268 3925 319 3975; x_wconf 82' lang='lat'><em>200</em></span> <span class='ocrx_word' id='word_1_255' title='bbox 344 3923 517 3991; x_wconf 83' lang='lat' dir='ltr'><strong>6gyptischen</strong></span> <span class='ocrx_word' id='word_1_256' title='bbox 541 3924 639 3978; x_wconf 84' lang='lat' dir='ltr'><strong>Sohiffe</strong></span> <span class='ocrx_word' id='word_1_257' title='bbox 663 3925 738 3994; x_wconf 90' lang='lat' dir='ltr'><strong>(Dio.</strong></span> <span class='ocrx_word' id='word_1_258' title='bbox 758 3924 813 3988; x_wconf 90' lang='lat' dir='ltr'><em>XI,</em></span> <span class='ocrx_word' id='word_1_259' title='bbox 842 3924 882 3978; x_wconf 74' lang='lat'><em>17</em></span> <span class='ocrx_word' id='word_1_260' title='bbox 902 3922 973 3976; x_wconf 82' lang='lat' dir='ltr'>Plut</span> <span class='ocrx_word' id='word_1_261' title='bbox 993 3922 1086 3975; x_wconf 83' lang='lat' dir='ltr'><strong>I&#39;h.em</strong></span> <span class='ocrx_word' id='word_1_262' title='bbox 1109 3927 1149 3987; x_wconf 91' lang='grc'><em>12,</em></span> <span class='ocrx_word' id='word_1_263' title='bbox 1169 3922 1223 3997; x_wconf 80' lang='lat' dir='ltr'>ng</span> <span class='ocrx_word' id='word_1_264' title='bbox 1244 3923 1310 3974; x_wconf 85' lang='lat' dir='ltr'><em>Her</em></span> <span class='ocrx_word' id='word_1_265' title='bbox 1330 3921 1391 3986; x_wconf 94' lang='lat' dir='ltr'>VII,</span> 
     </span>
    </p>
   </div>
   <div class='ocr_carea' id='block_1_8' title="bbox 268 3963 1395 4147">
    <p class='ocr_par' dir='ltr' id='par_1_8' title="bbox 268 3963 1395 4147">
     <span class='ocr_line' id='line_1_34' title="bbox 268 3963 1395 4075; baseline 0 -16"><span class='ocrx_word' id='word_1_266' title='bbox 268 4009 386 4071; x_wconf 68' lang='lat'><em>8612)</em></span> <span class='ocrx_word' id='word_1_267' title='bbox 422 3963 1395 4075; x_wconf 58' lang='lat' dir='ltr'><strong>BeiHerodotble1btdleserUmstandwothiurzuialhg</strong></span> 
     </span>
     <span class='ocr_line' id='line_1_35' title="bbox 268 4094 500 4147; baseline 0.01 -2"><span class='ocrx_word' id='word_1_268' title='bbox 268 4094 500 4147; x_wconf 81' lang='lat' dir='ltr'><strong>unerw6hnt.“</strong></span> 
     </span>
    </p>
   </div>
   <div class='ocr_carea' id='block_1_9' title="bbox 0 0 1616 4900">
    <p class='ocr_par' dir='ltr' id='par_1_9' title="bbox 0 0 1616 4900">
     <span class='ocr_line' id='line_1_36' title="bbox 0 0 1616 4900; baseline 0 0"><span class='ocrx_word' id='word_1_269' title='bbox 0 0 1616 4900; x_wconf 95' lang='lat' dir='ltr'><em> </em></span> 
     </span>
    </p>
   </div>
  </div>
 </body>
</html>
