3182 4906
696 496 908 561 ..12-

326 669 409 734 Tum
439 668 528 750 quod
557 667 600 734 ad
628 667 717 732 illam
741 666 988 732 similitudinem
1010 666 1146 748 attinet,
1170 685 1255 748 quae
1276 667 1363 730 inter

241 772 328 836 hunc
349 771 499 835 libellum
521 776 554 833 et
576 770 733 852 genuinos
756 768 925 833 Plutarchi
948 768 1046 833 libros
1069 767 1261 852 intercedit,
1292 789 1364 832 eam

240 874 283 938 ad
305 874 501 937 sententiam
519 871 712 956 Lahmeyeri
734 870 938 954 probandam
952 870 1152 954 permultum
1166 870 1275 934 valere
1293 871 1363 934 iure

240 996 277 1039 ac
309 977 425 1039 merito
456 962 521 1038 iam
542 975 701 1039 Baehrius
730 978 878 1057 negavit,
906 974 1060 1055 quoniam
1082 972 1153 1036 fieri
1174 973 1299 1055 potuit,
1328 975 1367 1036 ut

239 1076 344 1140 libelli
367 1081 481 1141 auctor
498 1075 711 1140 Plutarchum
733 1095 806 1138 cum
828 1075 967 1138 maxime
989 1076 1173 1139 imitaretur
1184 1076 1235 1160 41),
1258 1092 1365 1155 neque

239 1178 306 1245 illis
337 1179 473 1261 singulis
503 1177 722 1244 locutionibus
744 1171 937 1241 Plutarchus
966 1198 1050 1241 unus
1077 1178 1198 1251 utitur3
1228 1196 1303 1239 nam
1326 1173 1365 1238 01.

188 1327 191 1333 -
239 1276 883 1365 1101101111.01γ11111.111,0351000010
898 1275 1365 1361 μὲντοὶνυνοίκοὸομῆματα
1459 1263 1488 1298 κ’

242 1384 301 1445 καὶ
319 1381 428 1461 κάλλη
445 1385 587 1446 τοιαῦτα
598 1383 656 1444 καὶ
672 1384 822 1443 τοσαῦτα
842 1378 1091 1444 κατεσκεναὸαν
1109 1376 1189 1462 ripis
1204 1376 1369 1463 ἱερῶνκαὶ

241 1484 306 1548 τῶν
321 1483 356 1548 ἐν
374 1482 505 1558 τούτοις
526 1481 770 1564 ἀναθημάτων,
794 1477 876 1545 ὥστε
893 1482 1013 1565 pudeat
1028 1483 1091 1546 τῶν
1111 1480 1368 1566 ἐπιγιγνομένων

240 1582 486 1675 casopolis
517 1584 783 1668 λελεῖφθαι,
812 1586 909 1648 Isocr.
933 1605 1005 1668 pag.
1028 1585 1091 1648 426
1116 1581 1190 1647 τότε
1214 1582 1280 1668 γάρ
1299 1581 1365 1667 χρῆ

240 1686 419 1751 παύεσθαι
440 1688 615 1768 λέγοντας,
645 1682 727 1751 ὅταν
752 1678 774 1760 ἦ
797 1685 839 1748 tc*
864 1686 1050 1769 πράγματα
1075 1683 1165 1776 λάβῃ
1189 1687 1284 1757 τέλος
1307 1683 1365 1747 καὶ

238 1790 363 1868 μηκέτι
394 1789 452 1878 δέῃ
480 1788 705 1877 βουλεύεσθαι
737 1790 812 1872 περὶ
843 1784 952 1851 αὐτῶν
982 1785 1002 1866 ἢ
1025 1785 1212 1877 τὸνλόγον
1237 1786 1293 1874 ἴδῃ
1318 1809 1366 1861 τις

204 1922 208 1930 ·
240 1887 359 1975 ἔχοντα
389 1890 490 1976 πέρας
518 1885 600 1953 ὥστε
629 1888 848 1972 μηδεμίαν
876 1890 1119 1977 hadriatico
1149 1894 1221 1964 τοῖς
1250 1885 1368 1963 ἄλλοις

240 1989 506 2077 ὑπερβολήν,
528 1994 607 2056 item
622 2012 695 2075 pag.
712 1993 755 2056 63
775 1993 815 2077 d,
841 1992 901 2056 189
924 2013 953 2075 a,
978 1991 1109 2056 Lucian.
1131 1992 1261 2057 Phalar.
1284 1992 1315 2076 2,
1337 1992 1366 2055 2.

242 2094 329 2159 Illud
344 2102 454 2160 autem
469 2094 532 2182 ἀφ’
546 2093 661 2169 ἑστίας
676 2089 864 2178 α’ρξάμινος
876 2094 910 2157 in
925 2093 1088 2177 proverbii
1101 2094 1368 2160 consuetudinem

241 2196 424 2277 veneratas
455 2196 596 2279 denique
619 2217 691 2260 cum
713 2196 819 2260 verbis
843 2192 875 2259 τι’
898 2194 963 2280 γάρ
987 2191 1057 2260 ἔδει
1079 2198 1271 2280 φείδεσθαι
1293 2219 1368 2282 μη-

236 2300 370 2381 γάνῆςἸ
389 2300 597 2380 τραγικῆς
619 2297 657 2361 01.
681 2298 764 2361 Plat.
782 2297 923 2382 Clitoph.
945 2299 1006 2361 407
1030 2297 1066 2361 A.
1090 2292 1200 2385 ὥσπερ
1222 2298 1277 2362 ἐπὶ
1297 2323 1368 2382 μη-

237 2401 374 2482 χανῆς
397 2400 556 2486 τραγικῆς
577 2398 674 2474 θεὸς,
696 2400 811 2464 Athen.
835 2401 890 2484 VI,
913 2401 975 2465 226
993 2401 1024 2465 C.
1049 2401 1208 2485 (Alexidis
1230 2402 1368 2485 fragm).

299 2500 303 2507 ’
327 2500 395 2567 Nec
406 2524 482 2566 vero
494 2503 668 2585 quicquam
685 2503 815 2587 expedit
829 2504 958 2586 reliqua
972 2502 1164 2588 Lahmeyeri
1180 2511 1369 2588 argumenta

241 2603 275 2667 in
307 2606 531 2686 quaestionem
563 2605 668 2669 denuo
698 2626 812 2670 vocare
824 2655 833 2688 ‚
864 2606 944 2687 quia
973 2606 1038 2668 iam
1065 2606 1224 2670 Baehrius
1254 2627 1293 2671 ea
1322 2606 1368 2670 sic

244 2704 459 2771 labefactasse
490 2706 543 2790 (01.
567 2707 733 2789 11010124,
756 2707 807 2787 23,
831 2707 882 2787 32,
906 2706 957 2788 34,
981 2707 1034 2787 37)
1064 2707 1145 2771 mihi
1167 2705 1309 2790 videtur,
1331 2712 1369 2771 ut

242 2808 334 2872 novis
347 2828 407 2872 con
422 2807 623 2871 tentionibus
638 2808 850 2891 supersedere
859 2809 1029 2891 possimus.
1052 2809 1245 2894 Repperisse
1261 2814 1370 2873 autem

244 2930 350 2992 pauca
373 2909 453 2974 mihi
474 2899 605 2991 videor,
629 2930 713 2991 quae
736 2908 832 2974 huius
856 2912 1053 2975 sententiam
1075 2932 1140 2975 non
1162 2910 1371 2976 mediocriter

244 3010 415 3087 adiuvent3
444 3013 555 3094 itaque
577 3010 771 3095 Lahmeyeri
801 3014 986 3096 opinionem
1016 3034 1113 3077 nunc
1130 3014 1264 3080 missam
1292 3011 1369 3078 faci-

244 3133 336 3177 amus
360 3120 459 3197 atque
480 3114 561 3178 haec
585 3112 715 3196 quidem
738 3115 772 3178 in
794 3116 936 3180 medium
958 3114 1171 3196 proferamus.

328 3216 438 3280 Primo
455 3216 525 3281 loco
541 3204 667 3298 insigne
688 3218 904 3300 negligentiae
927 3216 1070 3282 auctoris
1094 3217 1277 3301 exemplum
1294 3221 1372 3280 ante

243 3398 353 3459 τούτους
378 3404 462 3469 φησὶν
487 3405 523 3461 εἰς
545 3404 751 3469 χ1ῖρας,ἐλθιῖν
770 3410 826 3462 τοῖς
844 3405 990 3470 nappaeae.
1029 3403 1153 3457 Ceterum
1171 3403 1199 3456 in
1216 3401 1313 3456 iudicio
1332 3420 1373 3455 01·-

244 3487 315 3540 dinis
342 3487 561 3559 philosophorum
589 3488 709 3556 Gotting.
741 3489 786 3553 (cf.
816 3489 911 3542 Lahm.
936 3506 964 3559 p.
990 3489 1025 3554 VJ
1056 3490 1121 3542 haec
1144 3495 1250 3542 exstant
1275 3487 1371 3540 verba:

245 3611 262 3636 „
283 3603 318 3611 -
336 3591 369 3627 ne
387 3574 454 3627 illud
472 3574 581 3644 quidem
598 3574 662 3627 satis
679 3572 851 3644 [Lahmeyer]
878 3573 1034 3644 explicavit,
1062 3592 1115 3644 quo
1140 3573 1220 3626 modo
1244 3573 1302 3626 fieri
1326 3590 1372 3643 po-

245 3658 335 3724 tuerit,
355 3666 386 3712 ut
404 3659 529 3713 historiae
548 3667 625 3730 peter
641 3666 682 3711 tot
699 3659 927 3712 criminationibus
945 3659 1035 3713 locum
1052 3659 1161 3714 daret.“

312 3748 357 3809 40)
377 3744 438 3802 Qua
461 3745 628 3815 impudentia
652 3743 816 3796 celeberrimi
834 3744 974 3814 scriptores
998 3743 1222 3814 aposterioribus
1250 3742 1373 3813 exscripti

244 3828 315 3893 sint,
341 3829 440 3899 optime
465 3849 498 3883 ex
522 3829 725 3901 Xenophonteis
749 3828 823 3882 libris
848 3830 972 3899 cognosci
999 3837 1101 3900 potest3
1127 3828 1161 3883 01.
1185 3829 1291 3898 Hagen.
1319 3829 1372 3894 ‚De

245 3914 442 3983 Xenophonteo
472 3917 517 3986 qui
547 3916 632 3969 fertur
659 3912 786 3984 Agesilao
815 3915 902 3986 capita
928 3916 1045 3988 quinque
1070 3914 1184 3981 (Bernae
1212 3918 1288 3980 1865)
1313 3929 1376 3984 pag.

248 4003 278 4052 11
299 4016 372 4071 seqq.

314 4087 359 4149 41)
386 4086 426 4140 cf.
453 4085 577 4140 Eustath.
605 4086 639 4139 ad
664 4086 760 4155 Odyss.
789 4086 872 4152 1579,
900 4090 934 4140 43
959 4093 1038 4157 atque
1064 4044 1222 4142 Stallbaum.
1250 4085 1284 4138 ad
1307 4084 1376 4141 Plat.

247 4169 401 4241 Euthyphr.
420 4188 482 4240 pag.
502 4175 525 4226 3.
782 4183 784 4191 ¹
