3182 4906
666 452 878 516 ..qq„.

292 621 381 701 Quae
403 621 561 686 Herodoti
583 622 683 688 verba
705 622 748 690 ad
770 629 898 706 tempus
920 621 1066 687 Euboica
1087 622 1213 707 proelia
1239 630 1328 689 ante·

207 726 324 791 cedens
346 724 517 789 referenda
539 744 608 788 esse
625 723 774 790 Wolffius
798 726 929 808 quidem
950 745 1024 808 pag.
1046 724 1083 787 17
1107 724 1188 789 bene
1204 726 1329 801 monet'3

206 849 266 892 nec
287 849 363 894 vero
392 825 469 892 inde
491 828 650 908 sequitur,
673 831 710 891 ut
731 826 794 890 hoc
815 825 886 891 loco
908 825 1104 890 Plutarchus
1127 828 1329 893 Herodotum

206 951 271 995 non
289 929 499 1011 consuluerit,
523 929 601 1011 quia
616 927 713 993 huius
727 928 826 992 rerba
849 925 1017 993 ἔσπευσαν
1040 930 1074 993 δὲ
1098 932 1207 993 ταῦτα
1230 931 1329 996 ὑπεκ-

207 1032 345 1097 θέσθαι
368 1028 414 1116 τῷ
433 1033 624 1121 χρηστηρίῳ
655 1055 687 1094 τι
710 1028 905 1119 βουλόμενοι
928 1026 1122 1113 ὑπηρετέειν
1145 1031 1251 1116 (VIII,
1273 1034 1328 1113 41)
1397 1096 1402 1105 ,

207 1132 299 1198 illum
328 1133 418 1198 haud
448 1133 545 1198 dubie
576 1135 792 1217 impulerunt,
821 1140 857 1198 ut
885 1132 962 1198 illuc
991 1138 1181 1198 recurreret.
1204 1172 1247 1181 -
1268 1134 1329 1198 De-

206 1235 306 1318 nique
336 1236 376 1300 de
399 1234 648 1300 Troezeniorum
675 1235 869 1303 liberalitate
899 1239 998 1317 atque
1020 1234 1200 1319 Nicegorae
1228 1236 1331 1321 plebi-

207 1338 289 1401 scito
311 1337 509 1404 Plutarchus
531 1359 615 1402 unus
637 1338 737 1402 verba
759 1336 871 1401 fecisse
893 1337 1068 1416 videturI).

292 1438 385 1516 Quod
407 1440 450 1504 ad
472 1439 589 1522 capitis
614 1441 651 1503 11
675 1440 804 1504 initium
826 1439 955 1522 attinet,
978 1439 1136 1505 Aristides
1159 1440 1246 1522 apud
1268 1440 1330 1504 He-

207 1541 355 1605 rodotum
383 1540 617 1625 quidemqante
645 1563 790 1625 pugnam
813 1541 1025 1605 Salaminiam
1054 1563 1119 1605 non
1141 1549 1330 1624 revocatur3

207 1644 241 1707 in
264 1642 399 1726 reliquis
422 1650 531 1709 autem
548 1643 742 1709 Plutarchus
765 1649 798 1707 et
816 1642 1001 1708 Herodotus
1020 1645 1229 1709 consentiunt
1244 1645 1331 1731 (cum

207 1745 295 1812 illius
317 1746 424 1831 uerbis
447 1746 543 1811 huius
566 1747 788 1811 narrationem
816 1745 968 1834 hocloco
992 1745 1176 1811 adscribere
1198 1747 1330 1832 longum

208 1849 260 1932 sit,
283 1850 354 1933 ipse
376 1848 415 1913 cf.
437 1847 534 1931 vm,
563 1848 604 1912 56
634 1868 724 1931 seqq.
748 1854 781 1913 et
804 1850 868 1930 71),
898 1848 961 1911 nisi
990 1847 1077 1930 quod
1106 1850 1248 1931 primum
1276 1851 1331 1916 ille

208 1948 428 2034 Eurybiadem
449 1949 618 2015 Adimanti
640 1951 711 2016 loco
733 1950 882 2015 nominat
905 1949 960 2035 (cf.
984 1950 1072 2033 VIII,
1094 1950 1160 2037 59),
1184 1958 1254 2028 turn
1268 1953 1331 2018 He-

208 2050 340 2117 rodotus
362 2051 536 2117 Adimanto
566 2052 601 2115 id
630 2052 754 2117 dictum
782 2054 897 2119 tribuit
926 2052 1032 2136 (VIII,
1062 2053 1135 2137 61),
1165 2048 1255 2119 cuius
1276 2077 1330 2119 au·

208 2160 327 2218 ctorem
350 2154 432 2219 alter
454 2175 520 2218 non
541 2155 704 2239 prodidit,
735 2156 874 2238 denique
896 2176 956 2219 nec
977 2153 1061 2219 illud
1083 2151 1237 2234 πάταξον
1257 2161 1331 2240 μὲν,

209 2251 357 2322 ἄκουσον
386 2259 423 2322 δέ
453 2272 512 2321 neo
540 2241 715 2340 quicquam
744 2257 782 2322 de
812 2257 991 2323 Eretriensi
1019 2258 1107 2339 apud
1127 2258 1331 2323 Herodotum

208 2364 324 2424 exstat.

293 2461 403 2526 Them.
434 2482 459 2526 o.
492 2462 531 2526 12
560 2461 632 2526 init.
662 2461 909 2527 narratiuncula
943 2465 1102 2545 occurrit,
1132 2484 1215 2546 quae
1243 2461 1331 2548 apud

208 2554 454 2650 Hesychiumw)
479 2584 619 2649 quoque,
641 2584 707 2628 non
730 2563 818 2645 apud
831 2562 1034 2629 Herodotum
1052 2571 1112 2651 est,
1136 2568 1257 2650 quippe
1274 2565 1332 2648 qui

7 2662 9 2669 “
208 2664 328 2730 referat
355 2671 444 2731 metu
473 2668 694 2750 potissimum,
719 2653 766 2730 ’ne
796 2665 1013 2732 Athenienses
1037 2667 1235 2733 Graecorum
1257 2688 1330 2746 cau-

210 2787 279 2831 sam
301 2766 489 2832 desererent
510 2775 694 2852 permotum
716 2768 934 2854 Eurybiadem
964 2769 1019 2836 illo
1041 2775 1186 2852 tempore
1204 2791 1332 2854 pugnae

211 2870 381 2934 consilium
404 2870 546 2953 cepisse3
569 2877 638 2936 tum
660 2892 701 2934 ne
722 2872 757 2935 in
779 2873 936 2955 proximis
959 2871 1090 2954 quidem
1111 2891 1244 2954 prorsus
1258 2893 1331 2937 con·

210 2971 332 3035 sinunt.
376 2971 489 3056 Neque
512 2972 599 3056 enim
614 2972 708 3056 ⁴apud
730 2973 932 3039 Herodotum
955 2973 1155 3061 Sicinnus¹¹)
1187 2972 1230 3039 ad
1252 2974 1331 3038 Xer·

277 3180 304 3242 9)
324 3175 392 3229 (lum
408 3176 533 3229 extremis
550 3175 642 3245 capitis
653 3175 740 3230 verbis
758 3176 792 3229 el.
811 3175 908 3229 Aelian
926 3176 961 3231 N.
981 3176 1015 3229 A.
1036 3176 1100 3239 XII,
1120 3179 1167 3230 352
1191 3180 1331 3244 Πέτινσμαι

212 3302 218 3318 .
239 3305 246 3319 .
267 3306 272 3317 ,
293 3258 371 3321 κύνας
394 3265 515 3328 γενέσθαι
540 3259 759 3328 φιλοδεσπότους,
785 3262 819 3318 ὡς
837 3266 995 3316 Ξανθίππου
1012 3264 1058 3314 τοῦ
1073 3259 1208 3331 Ἀριήιρου,
1229 3268 1331 3313 Μενοι-

210 3350 349 3418 κιζομένονν
361 3347 413 3416 γὰρ
431 3349 645 3412 childemerus
664 3351 699 3407 εἰς
718 3348 764 3406 τὰς
782 3351 845 3406 ναῦς
863 3349 938 3413 ἡνίκα
956 3352 1004 3402 τοῦ
1020 3345 1116 3418 χρόνον
1134 3349 1148 3400 ὁ
1169 3352 1272 3416 Πέρσης
1283 3349 1331 3401 τὸν

209 3440 291 3504 μέγαν
309 3434 424 3504 πόλτμον
441 3437 482 3487 ἐπὶ
499 3434 546 3498 την
560 3430 674 3486 Ἑλλάδα
694 3438 773 3503 ἐξῆψε
792 3438 835 3486 καὶ
853 3438 939 3503 λ’λτγον
957 3439 982 3485 οἱ
995 3438 1109 3505 χρησμοὶ
1122 3435 1332 3505 ipsodicente

206 3522 357 3590 Ἀθηναίοις
380 3523 430 3587 τὴν
447 3527 495 3590 μὲν
514 3523 632 3590 πατρίδα
651 3520 799 3589 ἀπολιπεῖν,
818 3527 941 3590 ἐπιβῆναι
960 3526 988 3575 dl
1005 3519 1058 3574 ταν
1074 3510 1196 3590 τριήρων.
1222 3520 1332 3574 οὗτλὲοὶ

211 3605 306 3667 κύνες
327 3602 375 3661 τοι)
395 3612 584 3678 προιιρημένοα
603 3606 817 3677 ἅπτλιιήθησαν,
840 3609 906 3662 ἄλλα
932 3616 1160 3679 στιμ,τιτῳκι’σαντο
1185 3609 1330 3675 Ξανθίππην

211 3699 254 3747 καὶ
279 3693 461 3763 διανηξάμενοι
489 3702 513 3753 ἐς
537 3695 585 3761 τὴν
612 3697 755 3764 Σαλαμῖνα
780 3694 922 3764 sarpanas.
966 3700 1082 3763 Λίγττον
1113 3696 1140 3745 δὲ
1169 3696 1222 3763 ἄρα
1245 3697 1331 3748 ταῦτα

205 3781 379 3852 Ἀριστοτέλης
396 3785 438 3832 καὶ
459 3778 616 3850 Φιλόχορος.

279 3872 321 3934 10)
340 3868 367 3922 S.
387 3886 412 3921 v.
440 3868 521 3934 ylarii}
546 3873 650 3922 liriaco.
678 3869 727 3939 πρὸ
750 3855 795 3933 της
816 3866 903 3938 ,ααῖχης
921 3875 953 3922 lo
973 3870 1103 3936 Σαλαμῖνι
1126 3867 1226 3936 γλαῦκα
1250 3860 1331 3937 φασιν

211 3955 356 4018 διαστῆναι
375 3953 419 4018 τὴν
438 3963 510 4019 νίκην
527 3963 767 4023 τιροσημαιίὀνσαν,

280 4043 322 4106 11)
340 4040 449 4103 Persam
472 4039 542 4093 hunc
566 4042 674 4094 natione
698 4042 779 4095 fuisse
796 4038 953 4095 Plutarchus
970 4038 1069 4104 tradit,
1087 4056 1141 4094 non
1158 4040 1328 4106 Herodotus;

209 4124 299 4197 itaque
317 4125 437 4195 Bryanus
455 4125 521 4180 haee
538 4126 601 4180 adn.
621 4127 688 4192 „vix
705 4127 789 4181 credit
804 4126 935 4180 Dacerius
953 4125 1157 4181 Themistoclem
1173 4124 1265 4181 liberis
1277 4126 1332 4181 suis

77 4646 86 4685 ¹.

135 4752 142 4769 r

133 4780 147 4805 Ὦ
166 4786 172 4797 ¹
188 4778 209 4805 ad

138 4816 209 4851 ’.θέλ
