3182 4906
685 432 892 501 ..25-

311 604 425 688 Neque
448 603 607 671 dissimila
627 605 708 670 haec
731 612 825 671 sonte

225 707 336 771 Them.
354 728 424 791 cap.
442 708 469 771 7.
493 707 710 795 Παραλαβὼν
726 711 760 776 δὲ
813 710 889 773 Her.
918 709 997 793 Vn,
1030 709 1089 773 143
1121 730 1211 793 seqq.
1243 696 1285 788 ἦν
1317 712 1352 774 δὲ

225 807 287 888 την
309 807 536 893 α’ρχηνεδθδς
557 813 620 891 μὲν
644 811 759 894 ἐπιχεῖ·
815 813 874 875 τῶν
885 809 1212 896 τιςΆθηνοῖσςιένηρ
1222 811 1255 887 ἐς
1265 808 1352 892 προί-

224 933 276 995 ρει
299 909 374 985 τούς
397 907 538 985 πολίτας
562 910 761 995 ἐμβιβάζειν
814 936 887 988 τους
913 914 1032 977 νεωστὶ
1054 911 1194 999 παριων,
1227 917 1274 999 τῷ
1295 911 1353 977 οδ-

225 1006 274 1093 εἰς
297 1012 359 1090 τοὶς
383 1012 523 1098 τριήρεις
541 1015 599 1075 καὶ
619 1011 760 1078 -ἕπει-

153 1158 176 1197 3
226 1115 291 1178 θεν
320 1153 362 1162 -
399 1113 558 1178 σι’παυτδν
595 1116 638 1202 τῷ
671 1116 757 1200 βαρ·

224 1214 313 1306 βάρη)
338 1213 426 1281 κατσί
449 1215 641 1282 θάλατταν.

224 1318 460 1400 Ἐνισταμὲνων
480 1321 516 1383 δέ
541 1319 677 1384 πολλῶν
689 1316 762 1399 ἐξη-

225 1443 309 1503 γαγε
333 1417 497 1503 στρατίου
520 1414 568 1496 εἰς
582 1419 625 1485 τοὶ
649 1421 761 1506 Τέμπη

225 1520 314 1604 μετσί
337 1522 623 1605 Λακεδαιμονίων
644 1521 689 1601 ὠς
705 1515 763 1589 αδ-

225 1625 313 1690 τόθι
328 1620 767 1710 προκινδυνέύσωντῆςθετ-

226 1723 353 1800 κοιλίας
383 1723 473 1789 οδπω
502 1723 580 1791 τότε
615 1725 767 1808 μηδίζειν

226 1825 396 1906 δοκούσηςΙ
409 1825 495 1892 Ἐπεὶ
512 1823 767 1916 δὀἷνεχώρησον

225 1928 362 2019 ἐκεῖθεν
391 1926 556 2012 ἄπρακτοι
579 1933 652 1995 ’καὶ
683 1931 764 1997 θετ-

228 2032 479 2118 ταλωνιβασιλεῐ
489 2033 765 2117 προσγενομένων

226 2132 361 2216 ἐμήδιζε
397 2133 436 2195 τοὶ
465 2135 559 2220 μέχρι
594 2132 765 2210 Βοιωτίοις.

811 1037 900 1095 νομα
915 1019 976 1096 μὲν
993 1001 1033 1090 ἦν
1051 1016 1352 1096 Θεμιστοκλέης-

813 1113 1141 1201 παρασκευάζεσθαι
1166 1102 1211 1179 ὦν
1227 1116 1352 1191 αὐτούς

815 1215 857 1293 ως
887 1216 1165 1304 ναυμαχήσοντας
1200 1216 1354 1308 συνεβού-

816 1321 891 1383 λευε
917 1357 956 1366 -
1215 1383 1218 1386 ,

815 1422 862 1486 ld.
886 1421 963 1503 Vll,
997 1423 1056 1486 173
1085 1423 1117 1486 οἱ
1146 1417 1355 1499 δέἛλληνες

819 1523 901 1609 πρός
930 1525 1034 1587 ταῦτα
1058 1521 1299 1612 ἐβουλεύσαντο
1322 1523 1355 1599 ἐς

820 1623 1010 1703 Θεσσαλίην
1031 1625 1227 1707 πέμπειν-
1250 1623 1355 1704 πεζὸν

813 1724 1171 1814 στρατδνηιολσίξουτα
1182 1726 1244 1804 την
1259 1726 1355 1808 ἐσβο-

818 1831 891 1909 λήν,
931 1868 964 1877 -
993 1830 1050 1892 καὶ
1078 1824 1219 1909 οἷπίκετο
1249 1829 1281 1903 ἐς
1311 1826 1355 1892 τοί

819 1933 955 2017 Τέμπεα
973 1926 1172 2010 *Ἔμειναν
1187 1932 1223 1995 δέ
1237 1927 1356 2012 ὀλίγας

818 2033 944 2118 ἡμέρας
966 2027 1120 2096 ἐνθαῦτα
1141 2069 1185 2078 ---

817 2137 863 2202 Id.
904 2134 984 2217 VII,
1020 2133 1081 2196 174
1118 2132 1289 2196 θεσσαλσὶ
1321 2133 1386 2215 δὲ,

817 2238 1051 2322 ἐρημωθέντες
1066 2233 1255 2320 συμμάχων,
1269 2225 1355 2299 οδτω

818 2338 859 2417 δη
885 2336 1047 2422 ἐμήδισαν
1069 2338 1268 2421 προθύμως.

299 2458 428 2522 ·Verba
449 2463 560 2524 autem
582 2458 804 2541 ἐνισταμένων
827 2460 863 2523 δὲ
887 2459 1024 2521 πολλῶν
1040 2456 1092 2520 ad
1114 2456 1356 2520 contentionem

200 2566 205 2577 “
227 2558 373 2641 aliquam
405 2559 492 2624 inter
525 2559 776 2624 Themistoclem
806 2561 930 2624 eteius
954 2558 1176 2641 adversarios,
1205 2558 1261 2639 qui
1282 2578 1356 2622 con-

229 2660 304 2724 silio
325 2661 572 2744 prudentissimi
596 2662 657 2725 viri
681 2661 921 2745 dissuaserunt,
944 2659 1117 2724 referenda
1139 2666 1230 2742 sunt3
1261 2662 1364 2742 atqui

227 2762 276 2827 illi
299 2762 421 2826 πολλοὶ
443 2765 575 2828 minime
592 2764 749 2828 Herodoti
768 2761 993 2849 χρησμολόγοι
1016 2760 1103 2847 (VH,
1123 2763 1197 2847 143)
1214 2761 1355 2843 intelligi

227 2869 383 2946 possunt,
414 2867 568 2946 quoniam
589 2866 625 2929 hi
646 2866 899 2930 Atheniensibus
922 2865 1180 2948 persuadebant,
1204 2871 1238 2927 ut
1261 2884 1355 2926 omne

228 2971 393 3029 certamen
423 2966 644 3032 detrectarent
672 2974 770 3049 atque
799 2967 878 3031 urbe
908 2968 1024 3032 relicta
1046 2967 1079 3028 in
1102 2965 1183 3028 alias
1207 2965 1356 3046 regio-nes

230 3067 323 3131 sedes
345 3080 422 3131 suas
444 3070 676 3152 transferrent,
700 3069 748 3133 illi
769 3090 863 3151 vero,
886 3075 924 3131 nt
946 3067 1149 3131 terrestrium
1172 3067 1282 3149 potius
1306 3086 1356 3128 οο-

230 3170 361 3253 piarum
392 3170 585 3235 fortitudine
614 3178 647 3234 et
669 3174 789 3236 virtute
819 3161 932 3234 hostes
954 3170 1123 3232 devincere
1147 3160 1355 3249 conarentur,

226 3271 444 3336 Athenienses
467 3272 636 3338 adhortati
660 3274 729 3336 esse
752 3272 910 3335 videntur.
955 3272 1071 3353 Itaque
1093 3270 1196 3333 multo
1220 3269 1355 3351 propius

227 3371 288 3437 hoc
317 3375 387 3438 loco
426 3376 468 3438 ad
497 3372 710 3438 Plutarchum
740 3373 864 3440 accedit
895 3372 1003 3454 Nepos
1030 3394 1058 3434 v.
1089 3371 1200 3434 Them.
1229 3372 1249 3432 2
1280 3370 1354 3432 et3

227 3473 486 3557 „Themistocles
530 3473 811 3560 (Atheniensibus)
857 3476 1021 3557 persuasit
1065 3472 1236 3538 consilium
1285 3491 1355 3534 esse

225 3678 292 3731 falso
311 3679 384 3732 hano
402 3697 458 3733 rem
471 3679 642 3733 Themistocli
660 3678 743 3732 tribui
762 3681 835 3730 etc.“
856 3676 896 3730 cf.
912 3677 998 3731 Grotii
1014 3675 1075 3729 hist.
1097 3693 1136 3745 gr.
1153 3676 1201 3740 IV,
1223 3678 1274 3731 428
1292 3675 1353 3728 adn.

127 3752 132 3761 ’
227 3763 301 3829 (edit.
318 3768 363 3828 4);
384 3764 588 3829 PausaniasIIL
612 3769 652 3829 12,
667 3763 763 3818 dillius
782 3762 870 3815 coedis
888 3770 1024 3815 auctorem
1033 3761 1194 3827 Miltiadem,
1214 3779 1268 3814 non
1286 3760 1355 3814 The-

226 3849 376 3902 mistoclem
398 3850 529 3903 nominat.
547 3851 682 3903 Diodonis
700 3838 808 3920 quidem
826 3847 893 3902 haec
912 3847 1021 3900 exhibet
1039 3847 1104 3912 (XI,
1125 3850 1151 3914 2)
1177 3852 1199 3901 Ξ
1204 3851 1303 3917 ε’ρξης
1320 3877 1354 3886 -

227 3933 375 4004 κη’ρυκας
392 3938 534 4004 ἐξέπεμψεν
562 3938 598 3993 εἰς
620 3935 669 3999 τὴν
688 3933 807 3990 Ἐλλάδα
831 3933 977 4002 προστάξας
1004 3936 1040 3990 εἰς
1063 3933 1173 3992 πείσας
1195 3934 1242 3992 τὰς
1266 3931 1354 3990 πόλεις

227 4025 294 4073 ἰέναι
319 4024 363 4072 καὶ
380 4020 590 4086 τοδςἜλληνας
608 4025 689 4072 αἰτεῖν
708 4021 778 4090 ὕδωρ
798 4024 841 4071 καὶ
858 4024 922 4087 γῆν,
946 4021 994 4074 sed
1017 4019 1144 4074 hocloco
1163 4020 1219 4073 eius
1236 4019 1355 4073 testimo-

227 4109 301 4164 uium
320 4107 434 4163 multum
453 4108 541 4163 valere
559 4108 688 4179 negarim,
709 4108 771 4180 quia
789 4126 831 4162 res
848 4108 905 4180 ipsa
923 4123 939 4159 a
956 4104 1144 4178 probabilitate
1164 4102 1297 4160 abhorret.
