3182 4906
706 412 916 544 ..ρο-

250 647 422 737 hpolliuis,
445 651 539 717 utin
562 672 659 718 naves
683 672 716 717 se
739 671 862 734 suaque
885 649 1072 717 conferrent
1093 689 1136 698 -
1156 650 1253 737 huius
1271 648 1374 717 eonsi-

249 753 329 818 lium
366 754 530 836 plerisque
561 755 747 821 civitatibus
779 752 971 837 displicebat
981 754 1008 840 ⁵)
1033 760 1071 817 'et
1100 755 1135 818 in
1165 759 1255 821 terra
1284 753 1375 819 dimi-

252 857 319 920 cari
341 857 444 939 magis
467 855 626 940 placebat.
656 859 773 940 Itaque
795 855 885 920 missi
908 861 987 920 sunt
1008 855 1123 920 delecti
1140 877 1212 920 cum
1227 856 1376 922 Leonida

250 960 349 1032 etc.“;
380 979 458 1021 sane
489 979 564 1022 uero
595 960 644 1023 illi
666 956 835 1023 Plutarchi
858 956 975 1021 πολλοὶ
1003 957 1137 1022 fuerunt
1159 957 1375 1023 Athenienses

176 1102 177 1105 =
250 1058 304 1144 (cf.
336 1060 445 1143 paullo
469 1062 605 1125 intrav.
627 1057 849 1142 μᾶλλονῆδη
873 1061 920 1140 τῷ
942 1058 1167 1141 Θεμιστοκλεῖ
1197 1063 1376 1145 προσεῖχον

252 1162 283 1225 οἱ
307 1160 644 1246 Ἀθηναῖοιπερὶ
676 1163 737 1240 τῆς
767 1159 967 1253 θαλάσσης)
995 1167 1106 1227 contra
1135 1161 1244 1245 Nepos
1276 1156 1378 1228 tradit

250 1262 413 1346 plerisque
436 1262 690 1328 civitatibus
713 1262 939 1329 Themistoclis
962 1264 1133 1328 consilium
1163 1263 1375 1348 displicuisse.

249 1363 438 1431 Difficultas
460 1367 562 1449 igitur
584 1368 745 1449 quaedam
767 1372 922 1430 remanet.

338 1466 441 1531 Porro
464 1468 552 1550 quod
575 1490 685 1534 omnes
708 1489 811 1551 usque
835 1469 877 1534 ad
900 1468 1072 1533 Boeotiam
1096 1465 1237 1533 Graecos
1264 1469 1299 1532 in
1322 1468 1377 1534 ho·

251 1569 347 1631 stium
371 1576 489 1653 partes
519 1572 687 1635 transiisse
709 1571 907 1636 Plutarchus
931 1569 1025 1652 dicit,
1049 1569 1083 1641 id
1104 1591 1170 1634 non
1192 1570 1377 1637 mirandum

250 1676 311 1754 est,
335 1672 412 1752 quia
434 1678 503 1736 tota
522 1672 589 1736 fere
605 1673 721 1738 Phocis
744 1672 784 1737 ab
807 1673 919 1737 ineolis
941 1672 1133 1737 vacuatum
1152 1677 1223 1736 erat
1242 1672 1375 1755 (Herod.

251 1770 339 1853 VIII,
362 1772 426 1858 32).
458 1773 540 1837 Tum
563 1775 602 1839 cf.
944 1773 949 1777 ’

254 1875 309 1935 καὶ
337 1875 504 1956 πέμπεται
526 1876 785 1962 (Themistocles)

250 1974 337 2057 μετα
378 1979 460 2039 νεών
501 1975 549 2041 ἐπ’
585 1978 787 2062 Ἀρτεμίσιον

253 2077 295 2140 τοὶ
311 2077 410 2141 στενοὶ
429 2076 597 2165 ιγιιλοίξων.
612 2076 725 2144 Ἔνθα
745 2080 786 2158 dr}

253 2179 316 2244 τῶν
345 2184 403 2263 μὲν
434 2176 598 2257 Ἑλλήνων
622 2180 785 2270 Εὐριιβιύ·

251 2276 314 2357 ὃιγν
328 2284 381 2343 καὶ
394 2281 789 2365 Λακεδαιμονίουςὴγεῖ-

194 2372 198 2378 “
252 2381 790 2465 σθαικελευόντων,τιῐινὸ’Ἀθιγ·

251 2485 353 2547 ναίων
374 2523 416 2532 -
439 2484 497 2551 οὐκ
519 2482 703 2564 α”ξιούντων
725 2487 791 2553 ἑτέ·

251 2608 325 2669 ροις
359 2580 530 2667 ἕπεσθαι,
561 2591 698 2655 συνιδών
730 2591 789 2655 τὸν

254 2688 411 2752 κίνδυνον
433 2685 452 2752 ὁ
471 2690 706 2773 Θεμιστοκλῆς
727 2689 788 2756 αύ-

250 2787 306 2861 roc
335 2813 370 2851 τε
403 2789 463 2868 τὴν
486 2789 591 2877 οἷρχιὶν
614 2795 659 2878 τῷ
679 2790 788 2876 Εὐρυ-

249 2888 356 2979 βιάδῃ
366 2893 496 2976 παρῆκε
505 2896 559 2956 καὶ
571 2894 789 2980 καιαπράύνε

252 2991 329 3065 τούς
352 2988 566 3072 Ἀθηναίους.

838 1875 957 1941 Herod.
982 1875 1052 1960 VII,
1078 1842 1138 1940 175
1160 1914 1202 1924 —-
1226 1873 1377 1965 ἐβουλεύ-
1408 1883 1414 1891 ’

839 2000 945 2042 σαντο
975 2017 1029 2059 -,
1061 1975 1119 2043 τὸν
1150 1980 1184 2044 δὲ
1220 1977 1378 2042 ναυτικόν

840 2076 987 2163 στρατὸν
1003 2079 1124 2144 πλώειν
1138 2080 1199 2162 γῆς
1214 2081 1270 2153 εἷς
1281 2075 1376 2143 Ἱστι-

840 2179 992 2260 αινζτιόος
1013 2183 1067 2246 iai
1092 2178 1313 2265 Ἀρτεμίσιον.

840 2282 960 2348 Herod.
983 2285 1071 2366 VIII,
1094 2286 1113 2349 2
1136 2283 1197 2348 τὸν
1219 2284 1255 2348 δὲ
1277 2304 1378 2368 σιρα-

841 2384 947 2464 τιγγύν
977 2385 1036 2451 τόν
1062 2384 1101 2450 ια’
1123 2385 1281 2467 μέγιστον
1301 2382 1379 2468 κρού-

843 2511 900 2561 τος
913 2485 1030 2573 ἕχοντα
1045 2487 1242 2573 παρείχοντο
1256 2485 1379 2572 Σπαρ·

843 2590 953 2667 τιήιαι
974 2589 1183 2677 Εὐρυβιάδεα
1204 2626 1243 2636 -
1266 2590 1297 2652 οἱ
1313 2576 1393 2673 γοὶρ

843 2691 1012 2776 σύμμαχοι
1028 2689 1087 2755 oria
1106 2689 1254 2775 ἔφασαν,
1275 2687 1316 2767 ἢν
1329 2690 1379 2775 με)

842 2791 998 2856 &Aenon
1010 2789 1208 2881 ἡγεμονεύῃ,
1220 2789 1380 2870 Ἀθηναί-

841 2917 910 2959 οισι
960 2887 1117 2968 ἕψεσθαι
1161 2890 1380 2976 ἡγεομένοισι,

841 2993 930 3059 ἄλλα
955 2993 1068 3061 λύσειν
1092 2994 1130 3060 τύ
1151 2995 1275 3077 μέλλον
1306 2994 1381 3059 ἔσε-

841 3099 928 3162 σθαι
941 3096 1144 3186 στράτευμα.
1157 3095 1302 3180 Ἐγένετο
1313 3096 1380 3180 γάρ
1430 3144 1435 3149 .

838 3198 909 3263 κατ’
932 3195 1036 3284 ἄρχας
1058 3197 1157 3279 λόγος
1180 3198 1261 3278 πρὶν
1282 3190 1380 3272 daut

774 3298 781 3314 '
839 3303 871 3377 ἐς
885 3297 1053 3378 Σικελίην
1069 3299 1212 3383 πέμπειν
1227 3299 1280 3364 ἐπὶ
1298 3321 1380 3382 συμ-

837 3400 971 3488 μαχίην,
993 3399 1035 3475 ως
1051 3401 1087 3464 ιο
1104 3399 1380 3482 contradantu-

788 3537 790 3541 ·
838 3502 965 3569 ναίοισι
979 3503 1086 3588 χρεων
1110 3504 1161 3579 εἴη
1176 3502 1379 3587 ε’πιτρύπειν.

838 3604 1051 3690 ιιῖντιβαντων
1091 3607 1127 3671 δὲ
1159 3605 1223 3668 τῶν
1251 3604 1380 3689 συμμά-

835 3732 903 3796 χων
925 3699 1021 3773 εἶκον
1044 3708 1077 3771 αἱ
1100 3705 1292 3786 Ἀθηναῖοι.

323 3909 349 3970 5)
368 3903 545 3974 Nipperdeius
564 3903 598 3956 ad
617 3902 687 3956 hunc
703 3901 793 3955 locum
810 3900 876 3953 haec
893 3895 1047 3952 adnotavit:
1069 3895 1193 3961 „Weder
1204 3893 1248 3947 die
1261 3894 1381 3948 Athener

255 4008 344 4044 waren
363 4007 450 4060 gegen
467 3988 520 4042 den
532 3989 569 4040 W
570 3988 707 4041 iderstand
725 4006 757 4040 zu
769 3987 869 4050 Laude,
891 3983 959 4036 noch
977 3983 1021 4036 die
1041 3982 1157 4034 anderen
1170 3978 1281 4032 Staaten
1293 3997 1381 4049 gagen

255 4076 307 4130 den
325 4074 499 4131 Widerstand
516 4091 565 4126 zur
584 4073 667 4127 See.“
703 4072 770 4126 Utut
788 4090 850 4124 vero
869 4079 918 4134 est,
938 4085 1024 4138 neque
1042 4067 1134 4140 Nepos
1152 4063 1279 4120 hocloco
1297 4065 1381 4121 Hero-

255 4160 319 4214 doto
337 4178 390 4214 nuo
409 4166 517 4215 auctore
534 4177 598 4215 usus
616 4164 656 4212 est
673 4175 759 4231 neque
777 4156 943 4212 Plutarchus.
