3182 4906
716 461 927 529 ...14-

256 629 383 699 τούτων
405 619 449 699 ὦν
471 625 598 700 εἵνεκεν
620 627 916 719 α’πεμνησικοίκεον
944 638 1033 705 τοῖσι,
1054 632 1227 722 Σαμίοισι
1255 640 1285 702 οἱ
1309 636 1378 703 Κο·

255 733 395 822 ρίνθιοι,
418 738 482 802 nisi
501 738 585 802 forte
608 738 682 802 illos
698 744 861 804 trecentos
876 738 1118 804 Corinthiorum
1135 739 1254 805 liberos
1276 740 1377 806 fuisse

256 839 408 922 opinatus
432 846 489 903 est.
534 840 650 923 Itaque
673 842 729 905 illa
751 838 942 927 ,διαφωνία
965 862 1097 924 prorsus
1120 847 1293 908 evanescit.

340 942 422 1006 Turn
452 963 526 1007 vero
550 963 619 1025 cap.
645 943 700 1026 19,
732 944 751 1006 3
773 942 854 1006 haee
877 948 969 1006 sunt:
999 939 1151 1007 ὑπειπών
1181 947 1214 1009 δὲ
1239 942 1293 1031 [so.
1315 945 1378 1010 He-

254 1042 413 1131 rodotus],
443 1041 604 1127 καθαρῶς
625 1041 742 1119 Ἴωνας
764 1044 936 1128 γεγονέναι
961 1044 1037 1119 τοιίς
1059 1045 1255 1130 Ἀπατούρια
1278 1045 1377 1130 ἄγον-

174 1213 177 1218 ,
255 1169 309 1222 τες
338 1144 460 1228 ἑορτήν
488 1143 631 1229 ,,όίγονσι
658 1149 692 1211 δὲ
717 1140 866 1220 πόντες“
895 1148 979 1230 φησὶ
1005 1147 1117 1226 „ntor
1140 1144 1298 1234 Ἐιγεσίων
1320 1153 1377 1213 καὶ

257 1246 525 1336 Κολοφωνίων(
560 1245 702 1322 Τούτους
723 1253 784 1333 μὲν
806 1242 910 1321 οὕτως
931 1248 1095 1312 ἐκκὲλεικε
1119 1250 1177 1327 τῆς
1200 1248 1384 1335 εὐγενείας.»

255 1350 442 1415 Herodotus
462 1357 571 1416 auteur
586 1355 664 1414 haee
678 1350 782 1413 tradit
800 1349 839 1435 (Ι,
858 1351 949 1435 147);
976 1347 1041 1413 είσὶ
1065 1353 1100 1416 δὲ
1123 1351 1247 1426 πάντες
1262 1349 1379 1428 Ἴωνες,

255 1447 328 1527 ὅσοι
356 1450 412 1514 α’π’
435 1449 601 1528 Ἀθηνέων
631 1449 787 1536 γεγόνασι
816 1442 872 1514 καὶ
888 1449 1086 1534 Ἀπατούρια
1114 1451 1233 1533 ἄγονοι
1265 1451 1378 1538 ὁρτήν.

251 1553 373 1637 όίγοιισι
402 1557 438 1617 rit
467 1553 589 1629 πάντες
619 1553 708 1632 πλήν
738 1552 896 1637 Ἐφεσίων
928 1555 984 1619 καὶ
1007 1552 1247 1641 Κολοφωνίων·
1287 1549 1380 1621 οὗτοι

252 1656 317 1742 γάρ
338 1661 457 1733 μοῦνοι
478 1654 661 1720 ’Intonuere
687 1655 805 1737 όίγοιισι
831 1654 1026 1738 Ἀπατούρια
1058 1657 1116 1718 καὶ
1145 1648 1237 1722 οὗτοι
1269 1657 1377 1721 κατοί

252 1757 390 1846 φόνου
422 1760 520 1824 τινα
551 1761 733 1836 urionem
762 1761 875 1840 itaque
905 1760 1035 1842 proprie
1067 1759 1217 1842 Ephesiis
1249 1781 1378 1843 quoque

254 1868 288 1925 et
318 1862 529 1946 Colophoniis
564 1883 603 1926 ea
639 1861 835 1934 celebranda
870 1860 971 1924 fuisse
1006 1860 1155 1924 conoedit
1185 1882 1290 1944 neque
1319 1862 1378 1927 hos

253 1984 424 2048 germanos
453 1966 548 2029 lones
571 1984 641 2027 esse
663 1971 773 2046 negat.
819 1963 952 2039 Qualem
974 1963 1209 2046 negligentiam
1231 1965 1284 2027 vix
1305 1965 1379 2028 Plu-

255 2066 389 2132 tarchus
420 2066 481 2131 sibi
511 2065 665 2148 indulsit,
700 2065 821 2148 quippe
851 2066 907 2146 qui
938 2066 1007 2146 ipse
1036 2065 1117 2129 haec
1144 2065 1263 2130 diserte
1294 2065 1380 2131 dicat

257 2168 344 2251 (Non
367 2189 462 2252 posse
487 2156 630 2233 suaviter
651 2169 714 2231 'vivi
738 2188 797 2230 sec.
813 2166 905 2248 Epio.
928 2185 996 2247 cap.
1014 2167 1063 2251 1):
1083 2168 1138 2231 θεῖ
1160 2166 1239 2242 τούς
1261 2164 1380 2247 λόγους

255 2265 403 2335 ἕκαστον
420 2261 463 2358 ὧν
478 2269 602 2354 ἐλέγχει
615 2270 670 2332 καὶ
687 2269 729 2331 τοί
746 2265 932 2352 γράμματα
955 2265 1005 2348 μή
1030 2271 1244 2353 παρέργως
1268 2269 1378 2332 διελ-

255 2373 356 2435 θεεῖν
383 2375 468 2455 μηδὲ
498 2370 612 2455 φωνάς
640 2367 839 2455 α’λλαγόθεν
868 2365 976 2447 ἄλλας
1005 2368 1211 2434 ἀποσπῶντα
1245 2371 1301 2431 καὶ
1322 2365 1379 2455 ῥή-

255 2496 360 2555 μασιν
383 2471 695 2560 ι’ίνεαγραμμοίτων
718 2471 973 2553 ἐπιτιθέμενον,
998 2470 1283 2557 παρακρούεσθαι
1306 2469 1380 2546 τούς

256 2571 421 2657 α’πείρους.

342 2677 424 2741 Turn
447 2678 590 2743 eiusdem
613 2679 755 2743 auctoris
779 2697 848 2740 esse
868 2677 921 2740 vix
944 2682 1081 2760 possunt

256 2797 324 2860 cap.
341 2780 370 2842 2.
390 2780 531 2860 Πρῶτον
545 2783 605 2856 μὲν
617 2767 708 2843 οὖνὸ
724 2786 794 2852 τοῖς
814 2791 834 2825 ⁰¹
847 2777 932 2842 Piut.
949 2779 1020 2843 Nic(
1037 2781 1073 2843 2:
1090 2775 1176 2863 ’ίσχαε
1189 2781 1248 2861 μὲν
1270 2775 1336 2860 γαρ
1360 2774 1378 2843 ὁ

300 2881 722 2965 ὃνσχερεστότοιςόνόμασι
736 2881 793 2943 καὶ
845 2879 962 2945 Κλέων
984 2880 1070 2965 μέγα
1097 2917 1135 2928 -
1160 2877 1248 2953 ὁαώς
1270 2878 1380 2942 δὲκαὶ

296 2977 445 3068 ῥήμασιν
465 2983 709 3071 ἐπιεικεστέρων
730 3006 792 3046 πα-
845 2983 908 3059 τείν
921 2979 1119 3058 πλεονεξίαν
1132 2981 1237 3045 αὐτοῦ
1248 2982 1305 3045 καὶ
1319 2978 1380 3058 τήν

296 3080 423 3167 ρόντων
440 3084 474 3148 ἐν
489 3109 534 3173 τω
555 3088 662 3163 λέγειν
678 3086 720 3149 τοὶ
737 3109 791 3149 πε·
846 3081 1037 3165 ἰταμότητα
1066 3085 1125 3146 καὶ
1146 3081 1317 3167 θράσος
1346 3079 1379 3148 ὁ-

297 3187 474 3268 πραγμὲνα
485 3185 652 3273 χριόμενος
669 3182 793 3270 (ὥσπερ
844 3187 962 3270 ρῶνιες
984 3184 1078 3249 αὐτοὶ
1101 3212 1145 3232 -a
1165 3184 1219 3270 (of.
1242 3207 1312 3269 cap.
1336 3186 1380 3271 8.)

298 3283 330 3351 εί
362 3289 518 3372 θειασμῷ
554 3287 794 3372 προσκείμενον
844 3284 1382 3370 Ρλαῐθίο.λεκαὶγοίρόίλλωςεὶ-

243 3397 248 3403 ’
298 3387 388 3470 ἄγαν
415 3385 489 3461 ἐξόν
518 3387 624 3454 εἰπεῖν
647 3392 706 3455 τόν
730 3390 792 3454 Νι·
845 3385 1383 3476 ώθεσαναότοῦτὴνκονιμότητα

301 3488 390 3571 κίαν,
407 3488 425 3555 ὁ
442 3495 477 3555 δὲ
496 3491 696 3571 θεόληπτον
712 3514 793 3575 προ·
848 3493 906 3556 καὶ
920 3517 975 3575 μα
987 3489 1081 3557 νίαν
1092 3494 1206 3578 φέρειν
1222 3491 1279 3575 (so.
1294 3490 1383 3554 Κλέ·

299 3594 417 3658 σείποι·
441 3587 464 3671 ἢ
487 3594 793 3680 θρασύτηταθ)
846 3593 1036 3677 οινος)μετοί
1046 3591 1252 3670 παιὸιᾶςοιίκ
1267 3592 1382 3669 αἠθιῑς.

300 3698 359 3772 καὶ
393 3694 557 3777 μανίαν
599 3697 796 3771 Κλέωνος

214 3880 218 3887 Ι
297 3788 462 3881 μάλλὀνῆ
478 3798 718 3884 κουφολογίαν)
735 3795 795 3862 oria

299 3897 440 3982 εόμενιίς
463 3900 559 3965 ἐστιν.

324 4074 368 4136 43)
386 4070 537 4143 Lahmeyer
555 4054 691 4143 (pags98)
717 4069 822 4141 θρῖσος
839 4071 925 4125 lenius
949 4068 1109 4125 vocabulum
1133 4084 1213 4140 quam
1241 4065 1383 4136 θρασύτης
1445 4056 1448 4061 ⁴

260 4178 317 4214 esse
337 4160 479 4214 existimat.
