<?xml version="1.0" encoding="UTF-8"?>
<!DOCTYPE html PUBLIC "-//W3C//DTD XHTML 1.0 Transitional//EN"
    "http://www.w3.org/TR/xhtml1/DTD/xhtml1-transitional.dtd">
<html xmlns="http://www.w3.org/1999/xhtml" xml:lang="en" lang="en">
 <head>
  <title>
</title>
<meta http-equiv="Content-Type" content="text/html;charset=utf-8" />
  <meta name='ocr-system' content='tesseract 3.04.00' />
  <meta name='ocr-capabilities' content='ocr_page ocr_carea ocr_par ocr_line ocrx_word'/>
</head>
<body>
  <div class='ocr_page' id='page_1' title='image "./quaestionesplut00hbgoog_0060.png"; bbox 0 0 3182 4906; ppageno 0'>
   <div class='ocr_carea' id='block_1_1' title="bbox 661 465 870 531">
    <p class='ocr_par' dir='ltr' id='par_1_1' title="bbox 661 465 870 531">
     <span class='ocr_line' id='line_1_1' title="bbox 661 465 870 531; baseline 0.005 -16"><span class='ocrx_word' id='word_1_1' title='bbox 661 465 870 531; x_wconf 69' lang='lat'>...51-</span> 
     </span>
    </p>
   </div>
   <div class='ocr_carea' id='block_1_2' title="bbox 184 632 1401 3985">
    <p class='ocr_par' dir='ltr' id='par_1_2' title="bbox 202 632 1329 1542">
     <span class='ocr_line' id='line_1_2' title="bbox 203 632 1328 723; baseline 0.004 -20"><span class='ocrx_word' id='word_1_2' title='bbox 203 635 437 713; x_wconf 60' lang='lat' dir='ltr'><strong>citramarini</strong></span> <span class='ocrx_word' id='word_1_3' title='bbox 447 635 567 723; x_wconf 75' lang='grc' dir='ltr'><strong><em>χιλίοις</em></strong></span> <span class='ocrx_word' id='word_1_4' title='bbox 580 633 739 716; x_wconf 69' lang='grc' dir='ltr'><strong><em>ἑξήκοντα</em></strong></span> <span class='ocrx_word' id='word_1_5' title='bbox 793 640 824 704; x_wconf 87' lang='grc' dir='ltr'><strong>οἱ</strong></span> <span class='ocrx_word' id='word_1_6' title='bbox 838 632 1062 721; x_wconf 75' lang='grc' dir='ltr'><strong><em>μὲνἝλληνις</em></strong></span> <span class='ocrx_word' id='word_1_7' title='bbox 1074 640 1149 717; x_wconf 83' lang='grc' dir='ltr'><strong>τούς</strong></span> <span class='ocrx_word' id='word_1_8' title='bbox 1165 640 1328 721; x_wconf 71' lang='grc' dir='ltr'><strong><em>πεσόντας</em></strong></span> 
     </span>
     <span class='ocr_line' id='line_1_3' title="bbox 204 739 1329 827; baseline 0.004 -22"><span class='ocrx_word' id='word_1_9' title='bbox 204 742 263 805; x_wconf 85' lang='grc' dir='ltr'><strong>καὶ</strong></span> <span class='ocrx_word' id='word_1_10' title='bbox 283 740 484 826; x_wconf 86' lang='grc' dir='ltr'><strong>Ιτριακόσιοι,</strong></span> <span class='ocrx_word' id='word_1_11' title='bbox 531 740 591 820; x_wconf 79' lang='lat' dir='ltr'><strong>(Of.</strong></span> <span class='ocrx_word' id='word_1_12' title='bbox 620 741 739 805; x_wconf 83' lang='lat' dir='ltr'>Herod.</span> <span class='ocrx_word' id='word_1_13' title='bbox 792 739 941 827; x_wconf 74' lang='grc' dir='ltr'><strong><em>ἔθαψαν</em></strong></span> <span class='ocrx_word' id='word_1_14' title='bbox 967 739 1070 818; x_wconf 82' lang='grc' dir='ltr'><strong><em>ὄντας</em></strong></span> <span class='ocrx_word' id='word_1_15' title='bbox 1100 740 1235 820; x_wconf 83' lang='grc' dir='ltr'><strong><em>αλιίονς</em></strong></span> <span class='ocrx_word' id='word_1_16' title='bbox 1262 745 1329 810; x_wconf 75' lang='grc' dir='ltr'><strong>τῶν</strong></span> 
     </span>
     <span class='ocr_line' id='line_1_4' title="bbox 202 843 1326 927; baseline 0.003 -19"><span class='ocrx_word' id='word_1_17' title='bbox 202 843 258 909; x_wconf 86' lang='grc' dir='ltr'><strong>ΙΧ.</strong></span> <span class='ocrx_word' id='word_1_18' title='bbox 283 844 344 925; x_wconf 80' lang='grc'>70).</span> <span class='ocrx_word' id='word_1_19' title='bbox 790 846 929 927; x_wconf 84' lang='grc' dir='ltr'><strong><em>μυρίων,</em></strong></span> <span class='ocrx_word' id='word_1_20' title='bbox 949 843 1137 926; x_wconf 78' lang='grc' dir='ltr'><strong><em>διελόμενοι</em></strong></span> <span class='ocrx_word' id='word_1_21' title='bbox 1156 847 1191 911; x_wconf 77' lang='grc' dir='ltr'><strong>δὲ</strong></span> <span class='ocrx_word' id='word_1_22' title='bbox 1209 844 1250 911; x_wconf 84' lang='grc' dir='ltr'><strong>τοί</strong></span> <span class='ocrx_word' id='word_1_23' title='bbox 1265 847 1326 911; x_wconf 86' lang='grc' dir='ltr'><strong><em>λοί-</em></strong></span> 
     </span>
     <span class='ocr_line' id='line_1_5' title="bbox 234 940 1328 1032; baseline 0.005 -23"><span class='ocrx_word' id='word_1_24' title='bbox 234 940 739 1024; x_wconf 64' lang='grc' dir='ltr'><strong><em>’2οἐκτοίτουτῶνἎθηναίων</em></strong></span> <span class='ocrx_word' id='word_1_25' title='bbox 788 967 880 1029; x_wconf 86' lang='grc' dir='ltr'><strong><em>φνρα</em></strong></span> <span class='ocrx_word' id='word_1_26' title='bbox 910 945 998 1009; x_wconf 84' lang='grc' dir='ltr'><strong><em>κιττοὶ</em></strong></span> <span class='ocrx_word' id='word_1_27' title='bbox 1027 949 1090 1011; x_wconf 80' lang='grc' dir='ltr'><strong>τών</strong></span> <span class='ocrx_word' id='word_1_28' title='bbox 1111 950 1328 1032; x_wconf 76' lang='grc' dir='ltr'><strong><em>στρατιωτῶν</em></strong></span> 
     </span>
     <span class='ocr_line' id='line_1_6' title="bbox 204 1044 1326 1135; baseline 0.005 -24"><span class='ocrx_word' id='word_1_29' title='bbox 204 1045 241 1111; x_wconf 86' lang='grc' dir='ltr'><strong>τό</strong></span> <span class='ocrx_word' id='word_1_30' title='bbox 265 1046 433 1132; x_wconf 75' lang='grc' dir='ltr'><strong><em>ἀριστεῖον</em></strong></span> <span class='ocrx_word' id='word_1_31' title='bbox 456 1044 520 1111; x_wconf 80' lang='grc' dir='ltr'><strong>κτὲ.</strong></span> <span class='ocrx_word' id='word_1_32' title='bbox 690 1115 692 1119; x_wconf 56' lang='grc'>,</span> <span class='ocrx_word' id='word_1_33' title='bbox 788 1046 943 1132; x_wconf 73' lang='grc' dir='ltr'><strong><em>ἀριθμόν</em></strong></span> <span class='ocrx_word' id='word_1_34' title='bbox 972 1046 1032 1126; x_wconf 77' lang='grc' dir='ltr'><strong>τήν</strong></span> <span class='ocrx_word' id='word_1_35' title='bbox 1060 1049 1134 1132; x_wconf 77' lang='grc' dir='ltr'><strong>περὶ</strong></span> <span class='ocrx_word' id='word_1_36' title='bbox 1163 1051 1228 1114; x_wconf 80' lang='grc' dir='ltr'><strong>τῶν</strong></span> <span class='ocrx_word' id='word_1_37' title='bbox 1249 1048 1326 1135; x_wconf 83' lang='grc' dir='ltr'><strong><em>οίρι-</em></strong></span> 
     </span>
     <span class='ocr_line' id='line_1_7' title="bbox 788 1147 1327 1233; baseline 0.004 -20"><span class='ocrx_word' id='word_1_38' title='bbox 788 1149 905 1215; x_wconf 78' lang='grc' dir='ltr'><strong><em>στείων</em></strong></span> <span class='ocrx_word' id='word_1_39' title='bbox 914 1147 1028 1233; x_wconf 79' lang='grc' dir='ltr'><strong><em>κρίσιν</em></strong></span> <span class='ocrx_word' id='word_1_40' title='bbox 1041 1148 1253 1227; x_wconf 76' lang='grc' dir='ltr'><strong><em>ἐποιήσαντο,</em></strong></span> <span class='ocrx_word' id='word_1_41' title='bbox 1269 1154 1327 1216; x_wconf 85' lang='grc' dir='ltr'><strong>καὶ</strong></span> 
     </span>
     <span class='ocr_line' id='line_1_8' title="bbox 783 1248 1325 1339; baseline 0.006 -24"><span class='ocrx_word' id='word_1_42' title='bbox 783 1249 897 1339; x_wconf 83' lang='grc' dir='ltr'><strong><em>χοίρὶτι</em></strong></span> <span class='ocrx_word' id='word_1_43' title='bbox 920 1248 1159 1328; x_wconf 75' lang='grc' dir='ltr'><strong><em>δουλεύσαντες</em></strong></span> <span class='ocrx_word' id='word_1_44' title='bbox 1186 1252 1325 1338; x_wconf 72' lang='grc' dir='ltr'><strong><em>ἔκριναν</em></strong></span> 
     </span>
     <span class='ocr_line' id='line_1_9' title="bbox 787 1354 1325 1441; baseline 0 -23"><span class='ocrx_word' id='word_1_45' title='bbox 787 1355 979 1440; x_wconf 71' lang='grc' dir='ltr'><strong><em>ἀριστεῦσαι</em></strong></span> <span class='ocrx_word' id='word_1_46' title='bbox 1002 1354 1103 1419; x_wconf 82' lang='grc' dir='ltr'><strong><em>πόλιν</em></strong></span> <span class='ocrx_word' id='word_1_47' title='bbox 1123 1358 1184 1439; x_wconf 80' lang='grc' dir='ltr'><strong>μὲν</strong></span> <span class='ocrx_word' id='word_1_48' title='bbox 1197 1354 1325 1441; x_wconf 80' lang='grc' dir='ltr'><strong><em>Σπόρ-</em></strong></span> 
     </span>
     <span class='ocr_line' id='line_1_10' title="bbox 789 1453 1324 1542; baseline -0.002 -20"><span class='ocrx_word' id='word_1_49' title='bbox 789 1480 861 1537; x_wconf 84' lang='grc' dir='ltr'><strong>την,</strong></span> <span class='ocrx_word' id='word_1_50' title='bbox 903 1453 1011 1542; x_wconf 78' lang='grc' dir='ltr'><strong><em>ἄνδρα</em></strong></span> <span class='ocrx_word' id='word_1_51' title='bbox 1048 1457 1085 1521; x_wconf 79' lang='grc' dir='ltr'><strong>δὲ</strong></span> <span class='ocrx_word' id='word_1_52' title='bbox 1122 1455 1324 1523; x_wconf 83' lang='grc' dir='ltr'><strong><em>Παυσανίαν</em></strong></span> 
     </span>
    </p>

    <p class='ocr_par' dir='ltr' id='par_1_3' title="bbox 788 1556 1151 1642">
     <span class='ocr_line' id='line_1_11' title="bbox 788 1556 1151 1642; baseline 0.006 -19"><span class='ocrx_word' id='word_1_53' title='bbox 788 1561 846 1626; x_wconf 85' lang='grc' dir='ltr'><strong>τόν</strong></span> <span class='ocrx_word' id='word_1_54' title='bbox 866 1556 1151 1642; x_wconf 77' lang='grc' dir='ltr'><strong><em>Λακεδαιμόνιον.</em></strong></span> 
     </span>
    </p>

    <p class='ocr_par' dir='ltr' id='par_1_4' title="bbox 184 1662 1401 3069">
     <span class='ocr_line' id='line_1_12' title="bbox 285 1662 1324 1744; baseline -0.004 -16"><span class='ocrx_word' id='word_1_55' title='bbox 285 1664 402 1744; x_wconf 88' lang='lat' dir='ltr'><strong>Itaque</strong></span> <span class='ocrx_word' id='word_1_56' title='bbox 424 1662 689 1728; x_wconf 85' lang='lat' dir='ltr'><strong>verisimillimum</strong></span> <span class='ocrx_word' id='word_1_57' title='bbox 713 1662 792 1728; x_wconf 90' lang='lat' dir='ltr'><strong>mihi</strong></span> <span class='ocrx_word' id='word_1_58' title='bbox 811 1662 950 1741; x_wconf 83' lang='lat' dir='ltr'><strong>videtur,</strong></span> <span class='ocrx_word' id='word_1_59' title='bbox 974 1663 1073 1726; x_wconf 89' lang='lat' dir='ltr'><strong>tertio</strong></span> <span class='ocrx_word' id='word_1_60' title='bbox 1096 1682 1225 1744; x_wconf 90' lang='lat' dir='ltr'><strong>quoque</strong></span> <span class='ocrx_word' id='word_1_61' title='bbox 1249 1662 1324 1726; x_wconf 89' lang='lat' dir='ltr'><strong>sori-</strong></span> 
     </span>
     <span class='ocr_line' id='line_1_13' title="bbox 200 1763 1325 1848; baseline 0 -21"><span class='ocrx_word' id='word_1_62' title='bbox 200 1769 295 1848; x_wconf 86' lang='lat' dir='ltr'><strong>ptore</strong></span> <span class='ocrx_word' id='word_1_63' title='bbox 324 1763 538 1828; x_wconf 75' lang='lat' dir='ltr'>Plutarchum</span> <span class='ocrx_word' id='word_1_64' title='bbox 566 1771 700 1830; x_wconf 87' lang='lat' dir='ltr'><strong>auctore</strong></span> <span class='ocrx_word' id='word_1_65' title='bbox 729 1788 823 1830; x_wconf 88' lang='lat' dir='ltr'><strong>usum</strong></span> <span class='ocrx_word' id='word_1_66' title='bbox 855 1783 940 1838; x_wconf 85' lang='lat' dir='ltr'><strong>esse3</strong></span> <span class='ocrx_word' id='word_1_67' title='bbox 968 1784 1074 1846; x_wconf 90' lang='lat' dir='ltr'><strong>neque</strong></span> <span class='ocrx_word' id='word_1_68' title='bbox 1104 1785 1179 1829; x_wconf 85' lang='lat' dir='ltr'><strong>vero</strong></span> <span class='ocrx_word' id='word_1_69' title='bbox 1209 1763 1325 1846; x_wconf 90' lang='lat' dir='ltr'><strong>liquet,</strong></span> 
     </span>
     <span class='ocr_line' id='line_1_14' title="bbox 200 1864 1324 1951; baseline 0 -22"><span class='ocrx_word' id='word_1_70' title='bbox 200 1870 312 1930; x_wconf 78' lang='lat' dir='ltr'><strong>utrum</strong></span> <span class='ocrx_word' id='word_1_71' title='bbox 341 1864 400 1929; x_wconf 92' lang='lat' dir='ltr'><strong>illa</strong></span> <span class='ocrx_word' id='word_1_72' title='bbox 429 1865 538 1929; x_wconf 90' lang='lat' dir='ltr'><strong>omnia</strong></span> <span class='ocrx_word' id='word_1_73' title='bbox 568 1866 622 1949; x_wconf 88' lang='lat' dir='ltr'><strong>(cf.</strong></span> <span class='ocrx_word' id='word_1_74' title='bbox 644 1887 718 1950; x_wconf 84' lang='lat' dir='ltr'><strong>pag.</strong></span> <span class='ocrx_word' id='word_1_75' title='bbox 740 1869 797 1951; x_wconf 86' lang='grc'><strong>41)</strong></span> <span class='ocrx_word' id='word_1_76' title='bbox 825 1867 868 1931; x_wconf 90' lang='lat' dir='ltr'><strong>ad</strong></span> <span class='ocrx_word' id='word_1_77' title='bbox 889 1865 976 1930; x_wconf 91' lang='lat' dir='ltr'><strong>hunc</strong></span> <span class='ocrx_word' id='word_1_78' title='bbox 997 1888 1097 1931; x_wconf 88' lang='lat' dir='ltr'><strong>unum</strong></span> <span class='ocrx_word' id='word_1_79' title='bbox 1120 1867 1258 1932; x_wconf 77' lang='lat' dir='ltr'>redeant</span> <span class='ocrx_word' id='word_1_80' title='bbox 1280 1887 1324 1932; x_wconf 89' lang='lat' dir='ltr'><strong>an</strong></span> 
     </span>
     <span class='ocr_line' id='line_1_15' title="bbox 199 1967 1401 2053; baseline -0.002 -19"><span class='ocrx_word' id='word_1_81' title='bbox 199 1968 322 2050; x_wconf 88' lang='lat' dir='ltr'><strong>partim</strong></span> <span class='ocrx_word' id='word_1_82' title='bbox 352 1967 394 2031; x_wconf 89' lang='lat' dir='ltr'><strong>ad</strong></span> <span class='ocrx_word' id='word_1_83' title='bbox 430 1967 518 2031; x_wconf 89' lang='lat' dir='ltr'><strong>hunc</strong></span> <span class='ocrx_word' id='word_1_84' title='bbox 554 1967 675 2052; x_wconf 89' lang='lat' dir='ltr'><strong>partim</strong></span> <span class='ocrx_word' id='word_1_85' title='bbox 705 1969 749 2035; x_wconf 90' lang='lat' dir='ltr'><strong>ad</strong></span> <span class='ocrx_word' id='word_1_86' title='bbox 775 1969 961 2053; x_wconf 86' lang='lat' dir='ltr'><strong>Ephorum,</strong></span> <span class='ocrx_word' id='word_1_87' title='bbox 998 1989 1104 2052; x_wconf 89' lang='lat' dir='ltr'><strong>neque</strong></span> <span class='ocrx_word' id='word_1_88' title='bbox 1132 1969 1212 2050; x_wconf 88' lang='lat' dir='ltr'><strong>scio,</strong></span> <span class='ocrx_word' id='word_1_89' title='bbox 1251 1967 1324 2049; x_wconf 88' lang='lat' dir='ltr'><strong>quis</strong></span> <span class='ocrx_word' id='word_1_90' title='bbox 1392 1998 1401 2013; x_wconf 75' lang='lat'>=</span> 
     </span>
     <span class='ocr_line' id='line_1_16' title="bbox 200 2067 1325 2155; baseline -0.002 -21"><span class='ocrx_word' id='word_1_91' title='bbox 200 2069 256 2134; x_wconf 88' lang='lat' dir='ltr'><strong>ille</strong></span> <span class='ocrx_word' id='word_1_92' title='bbox 284 2068 392 2133; x_wconf 88' lang='lat' dir='ltr'><strong>fuerit.</strong></span> <span class='ocrx_word' id='word_1_93' title='bbox 437 2067 518 2135; x_wconf 86' lang='lat' dir='ltr'><strong>Utut</strong></span> <span class='ocrx_word' id='word_1_94' title='bbox 548 2076 657 2134; x_wconf 90' lang='lat' dir='ltr'><strong>autem</strong></span> <span class='ocrx_word' id='word_1_95' title='bbox 685 2076 751 2155; x_wconf 88' lang='lat' dir='ltr'><strong>est,</strong></span> <span class='ocrx_word' id='word_1_96' title='bbox 782 2072 912 2137; x_wconf 83' lang='lat' dir='ltr'>evicisse</span> <span class='ocrx_word' id='word_1_97' title='bbox 933 2070 1015 2135; x_wconf 91' lang='lat' dir='ltr'><strong>mihi</strong></span> <span class='ocrx_word' id='word_1_98' title='bbox 1036 2069 1147 2134; x_wconf 89' lang='lat' dir='ltr'><strong>videor</strong></span> <span class='ocrx_word' id='word_1_99' title='bbox 1176 2068 1325 2151; x_wconf 84' lang='lat' dir='ltr'><strong>inprimis</strong></span> 
     </span>
     <span class='ocr_line' id='line_1_17' title="bbox 197 2158 1208 2254; baseline -0.002 -18"><span class='ocrx_word' id='word_1_100' title='bbox 197 2170 403 2236; x_wconf 85' lang='lat' dir='ltr'><strong>Herodotum</strong></span> <span class='ocrx_word' id='word_1_101' title='bbox 427 2176 460 2235; x_wconf 88' lang='lat' dir='ltr'><strong>et</strong></span> <span class='ocrx_word' id='word_1_102' title='bbox 483 2171 650 2254; x_wconf 87' lang='lat' dir='ltr'><strong>Ephorum</strong></span> <span class='ocrx_word' id='word_1_103' title='bbox 659 2176 699 2253; x_wconf 80' lang='grc'><strong>46)</strong></span> <span class='ocrx_word' id='word_1_104' title='bbox 726 2172 897 2240; x_wconf 84' lang='lat' dir='ltr'><strong>Plutarchi</strong></span> <span class='ocrx_word' id='word_1_105' title='bbox 927 2158 1077 2237; x_wconf 75' lang='lat' dir='ltr'><strong>auctores</strong></span> <span class='ocrx_word' id='word_1_106' title='bbox 1099 2170 1208 2236; x_wconf 85' lang='lat' dir='ltr'><strong>fuisse.</strong></span> 
     </span>
     <span class='ocr_line' id='line_1_18' title="bbox 184 2272 1323 2358; baseline 0.001 -22"><span class='ocrx_word' id='word_1_107' title='bbox 184 2272 194 2290; x_wconf 70' lang='lat'><strong>⁹</strong></span> <span class='ocrx_word' id='word_1_108' title='bbox 285 2273 379 2336; x_wconf 87' lang='lat' dir='ltr'><strong>Nune</strong></span> <span class='ocrx_word' id='word_1_109' title='bbox 401 2277 512 2338; x_wconf 89' lang='lat' dir='ltr'><strong>autern</strong></span> <span class='ocrx_word' id='word_1_110' title='bbox 539 2273 580 2336; x_wconf 87' lang='lat' dir='ltr'><strong>ad</strong></span> <span class='ocrx_word' id='word_1_111' title='bbox 602 2275 816 2356; x_wconf 76' lang='lat' dir='ltr'><strong>posteriorem</strong></span> <span class='ocrx_word' id='word_1_112' title='bbox 837 2274 1063 2339; x_wconf 82' lang='lat' dir='ltr'><strong>Themistoclis</strong></span> <span class='ocrx_word' id='word_1_113' title='bbox 1086 2273 1174 2339; x_wconf 88' lang='lat' dir='ltr'><strong>vitae</strong></span> <span class='ocrx_word' id='word_1_114' title='bbox 1195 2279 1323 2358; x_wconf 88' lang='lat' dir='ltr'><strong>partem</strong></span> 
     </span>
     <span class='ocr_line' id='line_1_19' title="bbox 206 2374 1319 2439; baseline 0.002 -1"><span class='ocrx_word' id='word_1_115' title='bbox 206 2380 418 2439; x_wconf 87' lang='lat' dir='ltr'><strong>transeamus.</strong></span> <span class='ocrx_word' id='word_1_116' title='bbox 972 2374 975 2377; x_wconf 79' lang='grc'><strong>’</strong></span> <span class='ocrx_word' id='word_1_117' title='bbox 1318 2421 1319 2425; x_wconf 47' lang='lat'><em>=</em></span> 
     </span>
     <span class='ocr_line' id='line_1_20' title="bbox 286 2475 1323 2561; baseline 0.001 -22"><span class='ocrx_word' id='word_1_118' title='bbox 286 2475 334 2539; x_wconf 84' lang='lat' dir='ltr'><strong>De</strong></span> <span class='ocrx_word' id='word_1_119' title='bbox 356 2497 425 2560; x_wconf 88' lang='lat' dir='ltr'><strong>cap.</strong></span> <span class='ocrx_word' id='word_1_120' title='bbox 450 2477 488 2540; x_wconf 82' lang='lat'><strong>18</strong></span> <span class='ocrx_word' id='word_1_121' title='bbox 512 2497 585 2541; x_wconf 90' lang='lat' dir='ltr'><strong>oum</strong></span> <span class='ocrx_word' id='word_1_122' title='bbox 604 2477 733 2543; x_wconf 89' lang='lat' dir='ltr'><strong>Wolffio</strong></span> <span class='ocrx_word' id='word_1_123' title='bbox 755 2477 883 2561; x_wconf 83' lang='lat' dir='ltr'><strong>faciam,</strong></span> <span class='ocrx_word' id='word_1_124' title='bbox 906 2476 1028 2561; x_wconf 91' lang='lat' dir='ltr'><strong>quippe</strong></span> <span class='ocrx_word' id='word_1_125' title='bbox 1051 2476 1108 2560; x_wconf 90' lang='lat' dir='ltr'><strong>qui</strong></span> <span class='ocrx_word' id='word_1_126' title='bbox 1130 2476 1323 2559; x_wconf 85' lang='lat' dir='ltr'><strong>florilegium</strong></span> 
     </span>
     <span class='ocr_line' id='line_1_21' title="bbox 204 2578 1324 2663; baseline -0.002 -20"><span class='ocrx_word' id='word_1_127' title='bbox 204 2578 367 2661; x_wconf 81' lang='lat' dir='ltr'><strong>quoddam</strong></span> <span class='ocrx_word' id='word_1_128' title='bbox 390 2599 410 2641; x_wconf 88' lang='lat' dir='ltr'><strong>a</strong></span> <span class='ocrx_word' id='word_1_129' title='bbox 431 2578 609 2643; x_wconf 82' lang='lat' dir='ltr'><strong>Plutarcho</strong></span> <span class='ocrx_word' id='word_1_130' title='bbox 631 2579 693 2644; x_wconf 87' lang='lat' dir='ltr'><strong>hoo</strong></span> <span class='ocrx_word' id='word_1_131' title='bbox 715 2580 785 2645; x_wconf 91' lang='lat' dir='ltr'><strong>loco</strong></span> <span class='ocrx_word' id='word_1_132' title='bbox 809 2580 1019 2663; x_wconf 86' lang='lat' dir='ltr'><strong>compilatum</strong></span> <span class='ocrx_word' id='word_1_133' title='bbox 1048 2596 1118 2642; x_wconf 87' lang='lat' dir='ltr'><strong>esse</strong></span> <span class='ocrx_word' id='word_1_134' title='bbox 1141 2578 1324 2659; x_wconf 86' lang='lat' dir='ltr'><strong>suspicetur</strong></span> 
     </span>
     <span class='ocr_line' id='line_1_22' title="bbox 201 2677 1323 2765; baseline -0.003 -21"><span class='ocrx_word' id='word_1_135' title='bbox 201 2680 288 2765; x_wconf 84' lang='lat' dir='ltr'><strong>(pag.</strong></span> <span class='ocrx_word' id='word_1_136' title='bbox 319 2680 389 2761; x_wconf 80' lang='grc'><strong>28);</strong></span> <span class='ocrx_word' id='word_1_137' title='bbox 424 2685 566 2746; x_wconf 87' lang='lat' dir='ltr'><strong>ceterum</strong></span> <span class='ocrx_word' id='word_1_138' title='bbox 584 2677 709 2745; x_wconf 82' lang='lat' dir='ltr'><strong>&#39;eadem</strong></span> <span class='ocrx_word' id='word_1_139' title='bbox 740 2681 829 2746; x_wconf 87' lang='lat' dir='ltr'><strong>dicta</strong></span> <span class='ocrx_word' id='word_1_140' title='bbox 856 2682 930 2746; x_wconf 87' lang='lat' dir='ltr'><strong>aliis</strong></span> <span class='ocrx_word' id='word_1_141' title='bbox 962 2701 1091 2763; x_wconf 89' lang='lat' dir='ltr'><strong>quoque</strong></span> <span class='ocrx_word' id='word_1_142' title='bbox 1119 2677 1323 2744; x_wconf 86' lang='lat' dir='ltr'><strong>Plutarcheis</strong></span> 
     </span>
     <span class='ocr_line' id='line_1_23' title="bbox 200 2782 1322 2867; baseline -0.003 -21"><span class='ocrx_word' id='word_1_143' title='bbox 200 2783 278 2847; x_wconf 90' lang='lat' dir='ltr'><strong>locis</strong></span> <span class='ocrx_word' id='word_1_144' title='bbox 301 2789 492 2864; x_wconf 86' lang='lat' dir='ltr'><strong>occurrunt,</strong></span> <span class='ocrx_word' id='word_1_145' title='bbox 524 2782 697 2848; x_wconf 85' lang='lat' dir='ltr'><strong>cl.P1·aec.</strong></span> <span class='ocrx_word' id='word_1_146' title='bbox 726 2804 791 2867; x_wconf 83' lang='lat' dir='ltr'><strong>ger.</strong></span> <span class='ocrx_word' id='word_1_147' title='bbox 821 2784 899 2867; x_wconf 88' lang='lat' dir='ltr'><strong>reip.</strong></span> <span class='ocrx_word' id='word_1_148' title='bbox 930 2785 970 2848; x_wconf 81' lang='lat'><strong>13</strong></span> <span class='ocrx_word' id='word_1_149' title='bbox 1000 2782 1129 2866; x_wconf 88' lang='lat' dir='ltr'><strong>(Moral.</strong></span> <span class='ocrx_word' id='word_1_150' title='bbox 1155 2782 1205 2864; x_wconf 88' lang='grc' dir='ltr'><strong>ΙΙ,</strong></span> <span class='ocrx_word' id='word_1_151' title='bbox 1235 2782 1322 2865; x_wconf 79' lang='grc'>987),</span> 
     </span>
     <span class='ocr_line' id='line_1_24' title="bbox 200 2883 1322 2972; baseline -0.002 -26"><span class='ocrx_word' id='word_1_152' title='bbox 200 2883 326 2967; x_wconf 79' lang='lat' dir='ltr'><strong>Apoph.</strong></span> <span class='ocrx_word' id='word_1_153' title='bbox 357 2884 434 2966; x_wconf 83' lang='lat' dir='ltr'><strong>Reg.</strong></span> <span class='ocrx_word' id='word_1_154' title='bbox 465 2889 498 2946; x_wconf 86' lang='lat' dir='ltr'><strong>et</strong></span> <span class='ocrx_word' id='word_1_155' title='bbox 519 2884 636 2967; x_wconf 88' lang='lat' dir='ltr'><strong>Imper.</strong></span> <span class='ocrx_word' id='word_1_156' title='bbox 660 2883 799 2968; x_wconf 85' lang='lat' dir='ltr'><strong>(Moral,</strong></span> <span class='ocrx_word' id='word_1_157' title='bbox 822 2886 852 2967; x_wconf 93' lang='grc' dir='ltr'><strong>Ι,</strong></span> <span class='ocrx_word' id='word_1_158' title='bbox 876 2886 962 2972; x_wconf 89' lang='grc'>222),</span> <span class='ocrx_word' id='word_1_159' title='bbox 986 2885 1117 2962; x_wconf 84' lang='lat' dir='ltr'><strong>Quaest.</strong></span> <span class='ocrx_word' id='word_1_160' title='bbox 1139 2886 1274 2949; x_wconf 85' lang='lat' dir='ltr'><strong>Roman.</strong></span> <span class='ocrx_word' id='word_1_161' title='bbox 1297 2903 1322 2945; x_wconf 96' lang='lat' dir='ltr'><strong>c.</strong></span> 
     </span>
     <span class='ocr_line' id='line_1_25' title="bbox 200 2984 1288 3069; baseline -0.002 -21"><span class='ocrx_word' id='word_1_162' title='bbox 200 2986 242 3049; x_wconf 79' lang='lat'><strong>25</strong></span> <span class='ocrx_word' id='word_1_163' title='bbox 264 2986 377 3050; x_wconf 90' lang='lat' dir='ltr'><strong>Moral.</strong></span> <span class='ocrx_word' id='word_1_164' title='bbox 400 2985 424 3067; x_wconf 92' lang='grc' dir='ltr'><strong>Ι,</strong></span> <span class='ocrx_word' id='word_1_165' title='bbox 448 2985 536 3069; x_wconf 83' lang='grc'>333),</span> <span class='ocrx_word' id='word_1_166' title='bbox 559 2984 685 3069; x_wconf 86' lang='lat' dir='ltr'><strong>Apoph.</strong></span> <span class='ocrx_word' id='word_1_167' title='bbox 708 2987 785 3069; x_wconf 77' lang='lat' dir='ltr'><strong>aeg.</strong></span> <span class='ocrx_word' id='word_1_168' title='bbox 809 2993 842 3049; x_wconf 93' lang='lat' dir='ltr'><strong>et</strong></span> <span class='ocrx_word' id='word_1_169' title='bbox 866 2985 981 3069; x_wconf 88' lang='lat' dir='ltr'><strong>Imper.</strong></span> <span class='ocrx_word' id='word_1_170' title='bbox 1006 2986 1133 3064; x_wconf 87' lang='lat' dir='ltr'><strong>(Moral.</strong></span> <span class='ocrx_word' id='word_1_171' title='bbox 1156 2986 1182 3066; x_wconf 92' lang='lat' dir='ltr'><strong>l,</strong></span> <span class='ocrx_word' id='word_1_172' title='bbox 1204 2985 1288 3066; x_wconf 87' lang='grc'>222).</span> 
     </span>
    </p>

    <p class='ocr_par' dir='ltr' id='par_1_5' title="bbox 199 3085 1323 3556">
     <span class='ocr_line' id='line_1_26' title="bbox 285 3085 1320 3169; baseline -0.003 -18"><span class='ocrx_word' id='word_1_173' title='bbox 285 3087 379 3163; x_wconf 83' lang='lat' dir='ltr'><strong>Quod</strong></span> <span class='ocrx_word' id='word_1_174' title='bbox 401 3093 510 3150; x_wconf 88' lang='lat' dir='ltr'><strong>autem</strong></span> <span class='ocrx_word' id='word_1_175' title='bbox 534 3085 575 3149; x_wconf 87' lang='lat' dir='ltr'><strong>ad</strong></span> <span class='ocrx_word' id='word_1_176' title='bbox 598 3106 668 3168; x_wconf 88' lang='lat' dir='ltr'><strong>cap.</strong></span> <span class='ocrx_word' id='word_1_177' title='bbox 694 3089 733 3149; x_wconf 80' lang='lat'><strong>19</strong></span> <span class='ocrx_word' id='word_1_178' title='bbox 756 3089 891 3169; x_wconf 85' lang='lat' dir='ltr'><strong>attinet,</strong></span> <span class='ocrx_word' id='word_1_179' title='bbox 915 3086 1119 3169; x_wconf 82' lang='lat' dir='ltr'><strong>Thucydides</strong></span> <span class='ocrx_word' id='word_1_180' title='bbox 1141 3085 1274 3167; x_wconf 90' lang='lat' dir='ltr'><strong>quidem</strong></span> <span class='ocrx_word' id='word_1_181' title='bbox 1294 3085 1320 3168; x_wconf 93' lang='lat' dir='ltr'><strong>l,</strong></span> 
     </span>
     <span class='ocr_line' id='line_1_27' title="bbox 200 3186 1323 3271; baseline 0.001 -22"><span class='ocrx_word' id='word_1_182' title='bbox 200 3189 242 3252; x_wconf 81' lang='lat'><strong>89</strong></span> <span class='ocrx_word' id='word_1_183' title='bbox 266 3209 353 3270; x_wconf 84' lang='lat' dir='ltr'><strong>seqq.</strong></span> <span class='ocrx_word' id='word_1_184' title='bbox 378 3189 496 3252; x_wconf 88' lang='lat' dir='ltr'><strong>similia</strong></span> <span class='ocrx_word' id='word_1_185' title='bbox 518 3186 668 3271; x_wconf 86' lang='lat' dir='ltr'><strong>exhibet,</strong></span> <span class='ocrx_word' id='word_1_186' title='bbox 698 3190 755 3253; x_wconf 89' lang='lat' dir='ltr'><strong>sed</strong></span> <span class='ocrx_word' id='word_1_187' title='bbox 777 3196 886 3254; x_wconf 86' lang='lat' dir='ltr'><strong>tamen</strong></span> <span class='ocrx_word' id='word_1_188' title='bbox 910 3190 997 3254; x_wconf 89' lang='lat' dir='ltr'><strong>solus</strong></span> <span class='ocrx_word' id='word_1_189' title='bbox 1019 3188 1189 3254; x_wconf 86' lang='lat' dir='ltr'><strong>Plutarchi</strong></span> <span class='ocrx_word' id='word_1_190' title='bbox 1211 3194 1323 3252; x_wconf 85' lang='lat' dir='ltr'><strong>auctor</strong></span> 
     </span>
     <span class='ocr_line' id='line_1_28' title="bbox 199 3290 1322 3374; baseline -0.002 -20"><span class='ocrx_word' id='word_1_191' title='bbox 199 3290 299 3354; x_wconf 84' lang='lat' dir='ltr'><strong>fuisse</strong></span> <span class='ocrx_word' id='word_1_192' title='bbox 317 3291 442 3372; x_wconf 89' lang='lat' dir='ltr'><strong>nequit,</strong></span> <span class='ocrx_word' id='word_1_193' title='bbox 466 3292 544 3372; x_wconf 90' lang='lat' dir='ltr'><strong>quia</strong></span> <span class='ocrx_word' id='word_1_194' title='bbox 565 3290 620 3354; x_wconf 91' lang='lat' dir='ltr'><strong>ille</strong></span> <span class='ocrx_word' id='word_1_195' title='bbox 636 3290 807 3374; x_wconf 86' lang='lat' dir='ltr'><strong>Polyarchi</strong></span> <span class='ocrx_word' id='word_1_196' title='bbox 827 3291 1022 3355; x_wconf 90' lang='lat' dir='ltr'><strong>mentionem</strong></span> <span class='ocrx_word' id='word_1_197' title='bbox 1044 3312 1110 3355; x_wconf 90' lang='lat' dir='ltr'><strong>non</strong></span> <span class='ocrx_word' id='word_1_198' title='bbox 1132 3290 1228 3371; x_wconf 73' lang='lat' dir='ltr'><strong>fecit,</strong></span> <span class='ocrx_word' id='word_1_199' title='bbox 1251 3296 1322 3353; x_wconf 82' lang='lat' dir='ltr'><strong>tum</strong></span> 
     </span>
     <span class='ocr_line' id='line_1_29' title="bbox 199 3391 1317 3474; baseline 0.001 -19"><span class='ocrx_word' id='word_1_200' title='bbox 199 3412 274 3456; x_wconf 85' lang='lat' dir='ltr'><strong>vero</strong></span> <span class='ocrx_word' id='word_1_201' title='bbox 304 3414 344 3456; x_wconf 89' lang='lat' dir='ltr'><strong>ne</strong></span> <span class='ocrx_word' id='word_1_202' title='bbox 374 3393 510 3456; x_wconf 91' lang='lat' dir='ltr'><strong>Diodori</strong></span> <span class='ocrx_word' id='word_1_203' title='bbox 540 3391 672 3473; x_wconf 89' lang='lat' dir='ltr'><strong>quidem</strong></span> <span class='ocrx_word' id='word_1_204' title='bbox 701 3394 846 3457; x_wconf 89' lang='lat' dir='ltr'><strong>narratio</strong></span> <span class='ocrx_word' id='word_1_205' title='bbox 875 3392 1084 3459; x_wconf 88' lang='lat' dir='ltr'><strong>aPlutarohi</strong></span> <span class='ocrx_word' id='word_1_206' title='bbox 1105 3393 1202 3474; x_wconf 83' lang='lat' dir='ltr'><strong>longe</strong></span> <span class='ocrx_word' id='word_1_207' title='bbox 1225 3392 1317 3456; x_wconf 87' lang='lat' dir='ltr'><strong>abest</strong></span> 
     </span>
     <span class='ocr_line' id='line_1_30' title="bbox 200 3492 337 3556; baseline -0.007 0"><span class='ocrx_word' id='word_1_208' title='bbox 200 3513 277 3556; x_wconf 88' lang='lat' dir='ltr'><strong>uam</strong></span> <span class='ocrx_word' id='word_1_209' title='bbox 299 3492 337 3556; x_wconf 81' lang='lat' dir='ltr'><strong>cf.</strong></span> 
     </span>
    </p>

    <p class='ocr_par' dir='ltr' id='par_1_6' title="bbox 200 3590 1323 3985">
     <span class='ocr_line' id='line_1_31' title="bbox 202 3590 1323 3678; baseline 0 -21"><span class='ocrx_word' id='word_1_210' title='bbox 202 3594 312 3657; x_wconf 93' lang='lat' dir='ltr'><strong>Them.</strong></span> <span class='ocrx_word' id='word_1_211' title='bbox 342 3595 381 3658; x_wconf 82' lang='grc'><strong>19</strong></span> <span class='ocrx_word' id='word_1_212' title='bbox 404 3594 580 3677; x_wconf 72' lang='grc' dir='ltr'><strong><em>γενόμενος</em></strong></span> <span class='ocrx_word' id='word_1_213' title='bbox 609 3590 639 3658; x_wconf 82' lang='grc' dir='ltr'><strong>δ’</strong></span> <span class='ocrx_word' id='word_1_214' title='bbox 667 3593 735 3660; x_wconf 83' lang='grc' dir='ltr'><strong><em>αἰιό</em></strong></span> <span class='ocrx_word' id='word_1_215' title='bbox 754 3627 775 3663; x_wconf 71' lang='lat' dir='ltr'><strong>a</strong></span> <span class='ocrx_word' id='word_1_216' title='bbox 787 3596 880 3663; x_wconf 88' lang='lat' dir='ltr'><strong>Diod.</strong></span> <span class='ocrx_word' id='word_1_217' title='bbox 899 3597 954 3678; x_wconf 87' lang='lat' dir='ltr'><strong>lll,</strong></span> <span class='ocrx_word' id='word_1_218' title='bbox 970 3597 1027 3662; x_wconf 81' lang='lat'><strong>39:</strong></span> <span class='ocrx_word' id='word_1_219' title='bbox 1050 3594 1184 3670; x_wconf 74' lang='grc' dir='ltr'><em>εὐθὺς</em></span> <span class='ocrx_word' id='word_1_220' title='bbox 1206 3598 1241 3661; x_wconf 79' lang='grc' dir='ltr'><strong>δὲ</strong></span> <span class='ocrx_word' id='word_1_221' title='bbox 1265 3595 1323 3658; x_wconf 83' lang='grc' dir='ltr'><strong>καὶ</strong></span> 
     </span>
     <span class='ocr_line' id='line_1_32' title="bbox 201 3692 1323 3781; baseline 0.004 -23"><span class='ocrx_word' id='word_1_222' title='bbox 201 3698 266 3759; x_wconf 76' lang='grc' dir='ltr'><strong>τῶν</strong></span> <span class='ocrx_word' id='word_1_223' title='bbox 283 3692 438 3779; x_wconf 76' lang='grc' dir='ltr'><strong><em>πράξεων</em></strong></span> <span class='ocrx_word' id='word_1_224' title='bbox 457 3694 588 3761; x_wconf 79' lang='grc' dir='ltr'><strong><em>ἐκείνων</em></strong></span> <span class='ocrx_word' id='word_1_225' title='bbox 608 3693 736 3773; x_wconf 74' lang='grc' dir='ltr'><em>εὐθύς</em></span> <span class='ocrx_word' id='word_1_226' title='bbox 787 3699 860 3775; x_wconf 75' lang='grc' dir='ltr'><strong>τήν</strong></span> <span class='ocrx_word' id='word_1_227' title='bbox 883 3697 1012 3781; x_wconf 75' lang='grc' dir='ltr'><strong><em>πόλιν</em></strong></span> <span class='ocrx_word' id='word_1_228' title='bbox 1041 3695 1323 3781; x_wconf 75' lang='grc' dir='ltr'><strong><em>ἐπεχείρησαν</em></strong></span> 
     </span>
     <span class='ocr_line' id='line_1_33' title="bbox 200 3794 1322 3886; baseline 0.004 -26"><span class='ocrx_word' id='word_1_229' title='bbox 200 3794 409 3882; x_wconf 73' lang='grc' dir='ltr'><strong><em>ἐπεχείρει</em></strong></span> <span class='ocrx_word' id='word_1_230' title='bbox 439 3798 513 3875; x_wconf 76' lang='grc' dir='ltr'><strong>τήν</strong></span> <span class='ocrx_word' id='word_1_231' title='bbox 535 3797 663 3864; x_wconf 83' lang='grc' dir='ltr'><strong><em>πόλιν</em></strong></span> <span class='ocrx_word' id='word_1_232' title='bbox 686 3796 734 3863; x_wconf 78' lang='grc' dir='ltr'><strong>οἱ·</strong></span> <span class='ocrx_word' id='word_1_233' title='bbox 786 3802 840 3881; x_wconf 85' lang='lat' dir='ltr'><strong>(so.</strong></span> <span class='ocrx_word' id='word_1_234' title='bbox 863 3799 1091 3886; x_wconf 85' lang='lat' dir='ltr'><strong>Athenienses)</strong></span> <span class='ocrx_word' id='word_1_235' title='bbox 1118 3796 1322 3884; x_wconf 71' lang='grc' dir='ltr'><strong><em>τειχίζειν</em></strong></span> 
     </span>
     <span class='ocr_line' id='line_1_34' title="bbox 201 3897 1321 3985; baseline 0.002 -22"><span class='ocrx_word' id='word_1_236' title='bbox 201 3901 362 3983; x_wconf 82' lang='grc' dir='ltr'><strong><em>κοόομιῑν</em></strong></span> <span class='ocrx_word' id='word_1_237' title='bbox 385 3902 444 3962; x_wconf 87' lang='grc' dir='ltr'><strong>καὶ</strong></span> <span class='ocrx_word' id='word_1_238' title='bbox 469 3897 680 3985; x_wconf 75' lang='grc' dir='ltr'><strong><em>τειχίζειν</em></strong></span> <span class='ocrx_word' id='word_1_239' title='bbox 694 3899 736 3976; x_wconf 81' lang='grc' dir='ltr'><strong>νίς</strong></span> <span class='ocrx_word' id='word_1_240' title='bbox 788 3940 827 3949; x_wconf 91' lang='grc'><strong>-</strong></span> <span class='ocrx_word' id='word_1_241' title='bbox 849 3897 1121 3983; x_wconf 71' lang='grc' dir='ltr'><strong><em>Λακεδαιμόνιοι</em></strong></span> <span class='ocrx_word' id='word_1_242' title='bbox 1143 3902 1179 3966; x_wconf 76' lang='grc' dir='ltr'><strong>δὲ</strong></span> <span class='ocrx_word' id='word_1_243' title='bbox 1196 3941 1234 3951; x_wconf 91' lang='grc'><strong>-</strong></span> <span class='ocrx_word' id='word_1_244' title='bbox 1251 3903 1321 3967; x_wconf 83' lang='grc' dir='ltr'><strong>όιὲ-</strong></span> 
     </span>
    </p>
   </div>
   <div class='ocr_carea' id='block_1_3' title="bbox 199 4068 1321 4211">
    <p class='ocr_par' dir='ltr' id='par_1_7' title="bbox 199 4068 1321 4211">
     <span class='ocr_line' id='line_1_35' title="bbox 268 4068 1321 4145; baseline 0 -23"><span class='ocrx_word' id='word_1_245' title='bbox 268 4072 313 4132; x_wconf 83' lang='grc'><strong>46)</strong></span> <span class='ocrx_word' id='word_1_246' title='bbox 331 4068 400 4122; x_wconf 80' lang='lat' dir='ltr'><strong>Aliis</strong></span> <span class='ocrx_word' id='word_1_247' title='bbox 424 4086 529 4139; x_wconf 91' lang='lat' dir='ltr'><strong>quoque</strong></span> <span class='ocrx_word' id='word_1_248' title='bbox 553 4070 619 4124; x_wconf 85' lang='lat' dir='ltr'><strong>locis</strong></span> <span class='ocrx_word' id='word_1_249' title='bbox 637 4089 716 4145; x_wconf 83' lang='lat' dir='ltr'><strong>saeqe</strong></span> <span class='ocrx_word' id='word_1_250' title='bbox 734 4071 904 4125; x_wconf 84' lang='lat' dir='ltr'><strong>Plutarchum</strong></span> <span class='ocrx_word' id='word_1_251' title='bbox 922 4071 957 4124; x_wconf 91' lang='lat' dir='ltr'><strong>ad</strong></span> <span class='ocrx_word' id='word_1_252' title='bbox 974 4070 1113 4144; x_wconf 89' lang='lat' dir='ltr'><strong>Ephorum</strong></span> <span class='ocrx_word' id='word_1_253' title='bbox 1130 4088 1158 4124; x_wconf 88' lang='lat' dir='ltr'><strong>se</strong></span> <span class='ocrx_word' id='word_1_254' title='bbox 1176 4070 1321 4144; x_wconf 82' lang='lat' dir='ltr'><strong>applicasse</strong></span> 
     </span>
     <span class='ocr_line' id='line_1_36' title="bbox 199 4153 510 4211; baseline 0 -2"><span class='ocrx_word' id='word_1_255' title='bbox 199 4153 269 4209; x_wconf 86' lang='lat' dir='ltr'><strong>inter</strong></span> <span class='ocrx_word' id='word_1_256' title='bbox 286 4171 378 4209; x_wconf 83' lang='lat' dir='ltr'><strong>omues</strong></span> <span class='ocrx_word' id='word_1_257' title='bbox 396 4160 510 4211; x_wconf 82' lang='lat' dir='ltr'><strong>constat.</strong></span> 
     </span>
    </p>
   </div>
   <div class='ocr_carea' id='block_1_4' title="bbox 0 0 1596 4906">
    <p class='ocr_par' dir='ltr' id='par_1_8' title="bbox 0 0 1596 4906">
     <span class='ocr_line' id='line_1_37' title="bbox 0 0 1596 4906; baseline 0 1"><span class='ocrx_word' id='word_1_258' title='bbox 0 0 1596 4906; x_wconf 95' lang='lat' dir='ltr'><strong> </strong></span> 
     </span>
    </p>
   </div>
  </div>
 </body>
</html>
