3182 4906
733 391 944 458 *48*

271 578 308 637 ut
328 569 416 635 Parii
438 590 458 633 a
480 567 646 634 deditione
669 567 809 632 deterre·
863 562 901 627 τό
928 560 1160 646 παραδιδόναι
1197 559 1260 640 τήν
1298 560 1400 628 πόλιν

272 675 407 738 rentur!
862 666 1176 748 διωμολογημένων,
1203 660 1284 744 ὕλης
1311 663 1401 738 τινὸς

861 763 896 843 ἐξ
918 761 1111 850 αὐτομάτου
1134 766 1209 854 περὶ
1241 768 1303 845 τήν
1324 762 1400 830 Μύ-

863 891 963 933 κονον
1005 864 1231 955 ἐξαφθείοης,
1269 870 1302 932 οἱ
1342 873 1403 952 μὲν

862 970 991 1053 Παριοι
1001 970 1059 1034 τόν
1073 972 1176 1034 Δᾶτιν
1190 969 1306 1045 αὐτοῖς
1320 993 1402 1056 τιαρ-

863 1072 970 1136 οιύτιν
1017 1068 1260 1158 ὑπολαβόντες,
1306 1068 1403 1149 ἐψεύ-

863 1194 968 1237 σαντο
983 1173 1045 1248 τοὶς
1059 1169 1241 1255 ὁμολογίας
1261 1175 1317 1238 καὶ
1341 1172 1403 1250 τήν

865 1271 966 1339 πόλιν
1003 1274 1115 1352 ον’κέτι
1151 1277 1195 1365 τῷ
1226 1273 1403 1363 Μιλτιάδῃ

864 1376 1056 1456 παρέδοσαν
1081 1375 1174 1445 κτὲ,“

362 1517 390 1580 Α
414 1513 532 1597 quihus
555 1513 652 1594 longe
675 1511 805 1594 absunt,
828 1531 912 1593 quae
935 1512 1120 1577 Herodotus
1143 1511 1214 1597 (Vl,
1240 1513 1300 1576 132
1323 1510 1404 1598 seq.)

278 1616 345 1682 refe
366 1623 388 1681 t.

362 1720 479 1800 Itaque
511 1737 570 1798 ego
600 1737 745 1798 quoque,
777 1715 858 1780 sicut
886 1713 1014 1799 Elker,
1046 1706 1221 1797 ltinckius,
1252 1715 1402 1780 Wolffius

280 1823 427 1904 suspicor
454 1820 541 1882 vitae
571 1817 796 1883 Themistoclis
827 1804 955 1901 panteni
983 1840 1022 1882 ex
1051 1819 1163 1882 eodem
1191 1818 1323 1901 Ephoro
1354 1819 1407 1882 dc-

282 1925 412 1988 ductam
442 1940 529 2003 esse,
561 1940 644 2001 quae
667 1920 854 1984 coniectura
876 1918 965 1984 haud
986 1920 1194 1985 mediocriter
1209 1941 1254 1985 eo
1278 1921 1407 1984 adiuva-

283 2032 349 2107 tur,
373 2021 460 2106 quod
483 2021 650 2086 simillima
671 2021 758 2085 inter
781 2042 814 2084 se
837 2021 917 2084 haec
938 2021 1038 2087 verba
1061 2028 1136 2085 sunt

280 2125 361 2210 Nep.
391 2125 502 2188 Them.
534 2143 559 2185 c.
590 2123 612 2185 4
640 2122 689 2186 De
720 2123 819 2187 servis
839 2135 860 2170 ⁸¹
872 2122 986 2187 lustin.
1002 2124 1044 2204 II,
1060 2125 1109 2207 12,
1134 2124 1188 2186 19:
1210 2144 1268 2207 per
1282 2144 1408 2188 servum

282 2229 349 2292 suis
359 2248 456 2309 quem
469 2224 586 2288 habuit
599 2222 822 2289 fidelissimum
873 2223 974 2288 fidum
993 2226 1095 2297 Xerxi
1117 2227 1265 2308 nuntiat,
1288 2247 1352 2290 uno
1375 2227 1409 2290 in

285 2328 326 2394 ad
348 2350 456 2411 regem
485 2327 591 2410 misit,
621 2333 657 2390 ut
686 2328 714 2390 ei
742 2349 822 2390 nun·
874 2327 945 2391 loco
975 2347 1048 2393 eum
1078 2332 1281 2392 contractam
1312 2327 1409 2392 Grae-

284 2432 384 2497 tiaret
406 2431 473 2494 suis
495 2429 602 2493 verbis
619 2428 823 2494 adversarios
876 2431 960 2493 ciam
991 2448 1108 2513 capere
1130 2429 1284 2494 facillime
1306 2451 1411 2514 posse.

285 2536 353 2599 eius
370 2534 404 2597 in
420 2531 498 2615 fuga
510 2552 595 2596 esse:
613 2532 670 2613 qui
690 2532 724 2595 si
739 2531 823 2595 dis·
877 2529 969 2607 Quod
993 2533 1028 2595 si
1048 2533 1212 2613 civitates,
1240 2552 1323 2614 quae
1346 2534 1413 2597 iam

285 2635 538 2719 cessisssent,
561 2633 717 2698 maiore
740 2653 825 2696 cum
877 2631 967 2695 abire
983 2634 1114 2717 vellent,
1131 2634 1411 2715 dissipentur,

284 2737 435 2802 labore
452 2732 725 2816 etlonginquiore
747 2727 825 2797 tem-
877 2734 1033 2798 maiore
1056 2735 1252 2801 laboreei
1269 2737 1412 2819 singu-

286 2837 498 2921 porebellum
512 2835 742 2919 confecturum,
754 2856 826 2899 cum
877 2836 941 2899 las
964 2836 1277 2902 consectandas.

288 2940 480 3022 singulos
503 2939 746 3002 consectari
768 2957 826 3027 co-

287 3047 476 3125 geretur:
500 3040 627 3122 quossi
650 3028 758 3104 statim
773 3061 828 3123 ag-

290 3143 496 3226 grederetur,
532 3141 623 3206 brevi
660 3143 828 3207 universos

289 3265 530 3329 oppressurum.

374 3363 458 3427 Nam
480 3361 613 3449 Ephoro
637 3363 717 3427 duce
740 3360 801 3426 hoc
825 3364 956 3446 quidem
978 3365 1049 3431 loco
1064 3365 1255 3448 Pompeium
1274 3364 1417 3448 Trogum

291 3487 386 3531 usum
409 3485 478 3529 esse
501 3464 566 3551 iam
589 3482 689 3545 supra
712 3465 917 3530 coniecimus.

377 3565 491 3649 Neque
519 3586 595 3630 vero
624 3564 679 3628 hic
705 3567 834 3649 longius
864 3569 1074 3651 progrediar,
1104 3568 1183 3651 quia
1213 3569 1252 3633 de
1281 3567 1417 3653 Nepotis

293 3667 439 3734 fontibus
469 3672 502 3731 et
524 3666 711 3731 auctoribus
734 3671 788 3732 nix
812 3670 863 3733 ad
882 3676 1039 3734 certum
1070 3669 1227 3734 indicium
1255 3670 1419 3753 perveniri

292 3775 420 3854 potest,
444 3790 643 3852 quamquam
666 3789 723 3852 ea,
748 3790 830 3851 qnae
853 3771 914 3835 viri
938 3771 1025 3835 docti
1045 3768 1084 3834 de
1106 3770 1239 3855 Ephoro
1263 3772 1420 3836 disserue-

292 3878 387 3953 runt,
428 3892 641 3954 permagnam
677 3871 924 3956 probabilitatis
960 3874 1099 3956 speciem
1128 3894 1207 3957 prae
1237 3895 1271 3938 se
1301 3873 1419 3938 ferunt.

293 3972 387 4052 Quod
412 3994 484 4037 curn
506 3972 556 4036 ita
577 3974 628 4058 sit,
652 3974 897 4056 Theopompum
919 3995 1002 4039 nunc
1024 3975 1158 4039 missum
1181 3973 1308 4041 faciam.

275 4150 281 4157 .
379 4074 472 4153 Quod
494 4081 601 4138 autern
624 4074 666 4139 ad
682 4076 834 4141 Aristidis
856 4076 957 4140 vitam
974 4077 1106 4162 attinet,
1130 4076 1230 4143 etiam
1245 4076 1348 4143 multo
1363 4076 1421 4142 mi-
