3182 4906
693 478 901 544 ..23...

232 647 362 732 μένης
389 646 462 713 ύπύ
480 643 671 726 Ἀθηναίων
699 673 771 715 no·
825 652 1127 740 καταφέρεται
1159 652 1294 738 χειμῶνι
1329 651 1361 729 ἐς

235 750 544 835 λιορκοομένην
564 747 641 816 τότε
664 752 771 841 moyla-
825 750 864 816 τύ
895 748 1086 833 Ἀθηναίων
1114 753 1361 841 στρατόπεδον,

235 853 313 930 θεὶς
339 848 547 930 α’ναὸείξειεν
576 850 698 919 ἑαυτὸν
719 856 774 938 τῷ
825 849 844 916 11
872 853 1130 941 ἐπολιόρκει
1156 852 1280 934 Νάξον.
1303 860 1360 921 καὶ

235 979 278 1019 τε
302 947 525 1044 νανκλύρῳ
552 954 772 1040 καὶτῷκυ-
825 943 881 1039 (ἦν
918 956 984 1041 γοέρ
1021 955 1128 1040 α’)’νιύς
1160 964 1228 1034 τοῖς
1256 959 1291 1024 ἐν
1322 961 1362 1052 τῇ

233 1053 421 1147 βερνήτη·
450 1058 510 1118 καὶ
538 1057 581 1120 τοὶ
611 1062 672 1141 μὲν
702 1057 774 1125 ded·
825 1058 895 1144 νηΐ)
911 1059 1025 1135 δείσας
1039 1057 1164 1145 φράζει
1186 1062 1240 1146 τῷ
1261 1085 1360 1128 ναυ-

234 1182 347 1241 μενος,
370 1156 413 1224 τοὶ
429 1157 460 1226 δ’
482 1161 624 1225 α’πειλῶν
642 1162 699 1224 καὶ
722 1163 773 1225 λε’·
826 1158 969 1250 κλήρῳ
975 1209 987 1240 ,
1016 1156 1108 1237 ὅστις
1137 1161 1208 1226 ἐστὶ
1238 1165 1296 1227 καὶ
1319 1163 1361 1229 δι’

234 1283 312 1357 ρων,
346 1256 400 1325 ὅτι
434 1261 684 1348 κατύηγορήσοι
714 1264 773 1326 καὶ
824 1257 847 1327 a·
883 1262 1000 1349 φεύγει
1029 1265 1087 1328 καὶ
1122 1258 1154 1328 εἰ
1180 1264 1231 1348 ’μή
1262 1263 1361 1331 σώσει

237 1363 493 1444 καταψεύσοιτο
552 1365 636 1447 πρός
695 1365 773 1441 τούς
824 1361 1046 1449 dommilus]
1076 1363 1163 1448 ἐρεῖν
1191 1360 1243 1430 ὅτι
1259 1367 1360 1454 χρή-

230 1462 774 1549 Ἀθηναὶοος,ιύςούκύιγνοοῦντες
824 1462 1360 1553 μασιπεισθεὶςαύτὸνύίγει.

236 1562 775 1652 ἄλλύχρήμασιπεισῦέντες

235 1668 271 1746 ἐξ
298 1670 406 1756 ἀρχῆς
434 1668 637 1759 ἀναλάβοιεν
667 1669 775 1739 αύτόν

234 1811 286 1833 -.
307 1773 357 1838 Ex
379 1773 567 1859 Thucydide
590 1777 699 1840 omnia
719 1797 779 1843 sua
800 1776 917 1862 petivit
939 1774 1121 1859 Polyaenus
1143 1777 1170 1860 Ι,
1193 1776 1246 1861 30,
1270 1777 1299 1841 8.

320 1926 407 2005 Quos
423 1926 511 1992 locos
532 1926 773 2015 adscripsimus,
796 1935 833 1994 ut
844 1928 949 2015 primo
968 1928 1080 1992 statim
1098 1927 1215 1992 obtutu
1230 1928 1265 1995 in
1287 1949 1361 1994 oeu-

234 2029 284 2094 los
306 2030 467 2111 incurrat,
491 2037 617 2113 quanta
639 2031 818 2097 similitudo
840 2032 926 2096 inter
947 2029 1159 2095 Plutarchum
1181 2035 1215 2094 et
1236 2030 1360 2116 Thucy-

235 2131 343 2197 didem
366 2132 565 2214 intercedat3
588 2154 693 2218 neque
716 2140 826 2200 tamen
841 2153 986 2218 prorsus,
998 2130 1181 2216 concinunt,
1204 2134 1360 2216 quoniam

235 2234 290 2299 ille
313 2234 405 2300 navis
428 2234 678 2316 gubernatorem
694 2257 823 2320 quoque
839 2238 1079 2314 commemorat,
1095 2233 1185 2299 ouius
1198 2233 1251 2298 hie
1269 2255 1360 2299 men-

235 2336 356 2402 tionem
388 2357 454 2401 non
484 2336 571 2400 facit.
616 2338 703 2402 Illud
733 2359 808 2402 vero
836 2336 1019 2421 exemplum
1050 2336 1150 2420 elegi,
1180 2338 1258 2420 quia
1286 2337 1360 2401 Plu-

235 2438 366 2503 tarchus
389 2439 459 2522 ipse
481 2438 538 2504 illo
560 2440 631 2504 loco
655 2438 877 2522 Thucydidem
899 2440 1062 2519 nominat3
1095 2440 1207 2521 itaque
1229 2438 1361 2504 Ruehlii

236 2540 399 2606 sententia
420 2540 474 2604 vix
496 2538 712 2624 improbanda
735 2547 793 2606 est.
838 2540 933 2606 Unde
956 2560 1167 2624 permagnam
1189 2540 1360 2606 difficulta-
1419 2587 1422 2592 -

235 2648 302 2707 tem
337 2643 428 2706 nasci
467 2643 556 2709 infra
593 2642 907 2715 demonstrabimus3
936 2661 1024 2705 nune
1053 2648 1162 2706 autem
1193 2642 1234 2705 ad
1260 2642 1360 2706 Arist.

236 2765 305 2828 cap.
328 2744 360 2827 5,
384 2743 495 2810 Them.
511 2767 603 2829 capp.
622 2747 736 2829 6-17,
758 2746 858 2809 Arist.
871 2744 977 2808 8-20
991 2749 1195 2808 transeamus
1207 2743 1360 2826 primum-

194 2903 197 2907 .
237 2867 304 2931 que*
322 2867 527 2930 quaeramus,
551 2869 635 2931 quae
657 2851 742 2912 ratio
765 2849 850 2912 inter
872 2844 1041 2910 Plutarchi
1063 2851 1097 2909 et
1112 2845 1271 2911 Herodoti
1286 2867 1359 2909 nar-

235 2949 380 3013 rationes
403 2947 591 3013 interoedat.
635 2949 749 3033 Itaque
773 2949 812 3013 ef.

235 3103 334 3167 Arist.
344 3121 413 3183 cap.
423 3101 452 3165 5.
469 3100 539 3165 ἐπεὶ
554 3104 590 3167 δὲ
601 3103 701 3177 Δᾶτις
709 3098 775 3167 ύπύ
824 3099 944 3165 Herod.
959 3097 1016 3182 Vl,
1036 3099 1079 3162 44
1100 3087 1212 3163 Αύται
1236 3100 1296 3182 μέν
1315 3086 1361 3163 ὦν

237 3205 378 3287 Δαρείου
404 3203 576 3287 πεμφθεὶς
598 3202 687 3294 λόγῳ
714 3208 775 3287 μὲν
825 3201 972 3287 (Eretria
984 3207 1017 3264 et
1031 3200 1192 3285 Athenae)
1209 3221 1270 3284 σφι
1282 3198 1361 3286 πρό-

157 3355 161 3363 .
237 3306 408 3370 ἐπιθεῖναι
442 3302 539 3384 δίκην
567 3303 773 3385 Ἀθηναίοις,
826 3289 1359 3388 σχημαῆσαντούστόλοο,ύι’ταρ

237 3404 290 3473 ὅτι
303 3404 455 3492 Σούρύεις
471 3398 670 3490 ἐνέπρησαν,
687 3404 772 3496 ἔργῳ
826 3407 861 3471 ἐν
873 3402 939 3495 νόῳ
955 3403 1084 3490 ἔχοντες
1101 3399 1184 3478 ὅσας
1198 3398 1243 3468 σ’ύν
1264 3401 1360 3469 πλεὶ·

236 3509 272 3572 δὲ
287 3507 599 3594 καταστρέψασθαι
616 3504 789 3595 τούςἝλ-1
825 3531 907 3583 στας
940 3505 1099 3573 δύναιντο
1137 3507 1360 3590 καταστρέφε-

237 3612 354 3693 ληνας,
378 3602 425 3683 εἰς
440 3610 646 3694 Μαραθῶνα
662 3633 774 3673 -κα-
825 3610 915 3674 σθαι
937 3611 1000 3672 τῶν
1020 3604 1218 3684 Ἐλληνίδων
1239 3607 1361 3671 πολίων

238 3713 330 3798 τὲσχε
351 3749 389 3760 -
408 3714 473 3776 τῶν
494 3711 578 3775 δέκα
602 3710 775 3776 καθεστώ-
827 3711 921 3775 -1(1.
934 3710 972 3790 V,
990 3711 1048 3773 102
1066 3712 1123 3772 καὶ
1132 3707 1286 3792 Σάρδιες
1300 3711 1360 3790 μὲν

237 3838 302 3881 των
326 3817 397 3889 τοῖς
416 3809 611 3891 Ἀθηναίοις
633 3815 686 3878 ἐπὶ
715 3814 774 3878 τόν
825 3810 1087 3898 ἐνεπρήσθησαν
1106 3809 1162 3893 (ab
1179 3809 1311 3875 Ionibus
1328 3814 1360 3873 et

238 3918 384 3997 πόλεμον
400 3919 599 4000 στρατηγῶν
612 3918 774 4002 μέγιστον
824 3913 1080 3978 Atheniensibus
1102 3933 1128 3977 c.
1152 3913 1236 3999 105).
1253 3950 1295 3960 -
1312 3910 1360 3976 Id.

236 4024 296 4103 μὲν
317 4006 403 4103 εἶχεν
426 4014 558 4100 α’ξύωμα
573 4015 771 4097 Μιλτιάδης.
825 4016 880 4101 VI,
910 4016 971 4081 102
993 4015 1024 4091 ἐς
1045 4013 1147 4080 τοῦτό
1173 4014 1232 4101 (se.
1255 4013 1359 4078 Mara-
