3182 4906
668 452 876 539 235..

97 680 100 685 >
204 641 548 731 38ἐιιιρρεόντων
571 645 606 708 δὲ
625 641 868 719 τῶνἙλλήνων
887 645 1191 728 καὶγινομένων
1213 642 1331 710 πλεύ-

205 771 287 814 νων
319 743 542 830 Τιμηγενίδης
566 743 622 809 κτέ
644 768 722 810 cum
741 746 908 811 Plutarchi
926 747 1031 812 verbis
1058 748 1091 811 οἱ
1121 749 1156 813 δὲ
1170 741 1334 827 (Έλληνες

208 849 262 915 άεί
287 872 384 914 τινων
407 848 701 934 ἐπιρρεόντων
722 848 920 923 πλείονες
941 848 1149 932 ἐγίνοντο.
1343 927 1346 932 ¹

299 953 503 1034 Quamquam
525 972 551 1015 ο.
574 952 613 1014 16
628 950 701 1015 init.
723 950 921 1015 Plutarchus
943 951 1013 1033 ipse
1027 952 1231 1019 Herodotum
1245 956 1338 1038 citat,

214 1054 388 1120 tamenab
411 1076 448 1118 eo
472 1054 624 1136 dissidet,
654 1053 807 1135 quoniam
829 1054 863 1117 in
885 1053 1131 1119 Atheniensium
1154 1055 1273 1120 ducum
1294 1057 1339 1121 lo-

214 1178 305 1239 cum,
336 1156 491 1220 uthaud
521 1177 596 1219 raro
618 1154 672 1237 fit,
694 1156 873 1221 Aristidem
895 1178 995 1220 unum
1017 1157 1183 1227 substituit
1207 1158 1260 1241 (cl.
1281 1159 1339 1243 IX,

215 1260 280 1345 64);
303 1280 407 1340 neque
423 1258 523 1322 verba
539 1259 572 1321 οἱ
592 1259 655 1339 μὲν
667 1244 726 1322 οὖν
748 1256 849 1321 ἄλλοι
871 1260 1056 1343 στρατηγοὶ
1073 1298 1113 1307 --
1128 1258 1216 1323 άλλά
1232 1257 1336 1338 Ἀθη-

215 1360 317 1427 ναίων
336 1361 376 1428 ab
392 1360 559 1425 Herodoto
574 1364 743 1424 mutuatus
758 1368 818 1445 est,
841 1362 898 1426 sed
919 1361 953 1425 in
968 1362 1114 1444 reliquis,
1137 1363 1164 1426 si
1179 1362 1220 1428 ab
1237 1369 1340 1427 naus·

216 1465 303 1547 fugis
327 1463 484 1545 discedas,
508 1482 580 1524 cum
603 1482 640 1526 eo
663 1463 807 1527 concinit
830 1463 882 1542 (ef.
905 1462 961 1546 IX,
982 1464 1035 1547 47,
1058 1464 1110 1546 50,
1132 1463 1152 1528 5
1174 1466 1198 1549 ).

301 1566 332 1630 O.
357 1566 395 1628 17
417 1563 507 1647 prior
522 1584 599 1646 pars
612 1563 729 1647 (usque
746 1566 788 1629 ad
799 1588 826 1628 v.
841 1565 972 1650 χαίρειν
985 1566 1057 1652 ἐάν)
1074 1568 1221 1649 quamvis
1236 1588 1340 1651 prope

217 1668 351 1733 accedat
365 1667 407 1731 ad
419 1666 538 1730 Herod.
554 1666 610 1746 Ill,
626 1667 764 1749 51-55‚
777 1673 887 1731 tamen
901 1667 988 1731 inter
1004 1669 1152 1751 proxima
1174 1675 1207 1732 et
1221 1669 1340 1735 Herod.

214 1770 271 1853 Ill,
288 1772 329 1834 ὸῑ)
347 1767 473 1851 aliquid
488 1768 682 1832 discriminis
695 1769 883 1843 intercedit3
904 1768 966 1833 hoc
978 1772 1064 1834 enim
1079 1770 1150 1834 loco
1164 1769 1341 1837 Athenien·

215 1893 265 1938 ses
281 1873 344 1957 ipsi
353 1872 395 1935 ad
402 1870 600 1935 Pausaniam
615 1871 767 1935 nuntium
782 1872 928 1954 mittunt,
944 1872 1002 1954 qui
1011 1872 1200 1956 sciscitetur,
1214 1873 1294 1954 quid
1307 1893 1341 1937 se

215 1974 350 2057 aggredi
370 1972 491 2038 iubeat.
516 1972 680 2036 ludevero
696 1972 830 2037 averbis
843 1972 998 2062 ἐντούτῳ
1014 1972 1050 2038 δέ
1063 1994 1196 2057 prorsus
1212 1974 1341 2038 Plutar-

219 2075 298 2140 chus
314 2075 476 2140 consentit
491 2095 563 2138 cum
580 2074 696 2139 Herod.
711 2074 768 2157 IX,
781 2076 822 2139 58
846 2083 877 2141 et
891 2077 933 2140 59
949 2082 1100 2158 (uterque
1115 2075 1215 2140 verba
1227 2076 1293 2161 βοῇ
1308 2081 1342 2141 et

218 2172 493 2261 άναρπασόμενοι
504 2172 753 2253 τούςἝλληνας
768 2176 910 2261 exhibet,
926 2198 1011 2260 quae
1026 2177 1114 2259 apud
1128 2178 1341 2245 Plutarchum

214 2278 471 2344 referendasunt
484 2278 526 2341 ad
543 2277 975 2362 σοντεταγμένηνδὺναμιν,
991 2280 1081 2364 apud
1088 2278 1291 2359 Herodotum
1299 2280 1342 2344 ad

214 2380 384 2464 barbaros,
394 2386 431 2445 ut
441 2380 580 2462 videtur,
592 2381 991 2461 incompositisordinibus
1001 2381 1101 2458 effuse
1110 2383 1341 2468 accurrentes),

216 2486 269 2548 vix
299 2491 409 2548 autem
432 2482 606 2564 quicquam
628 2481 717 2565 apud
738 2480 898 2551 historiae
920 2491 1047 2567 patrem
1070 2484 1231 2567 reperies,
1254 2486 1343 2566 quod

216 2585 320 2649 simile
351 2584 394 2648 sit
416 2583 522 2648 verbis
554 2583 703 2648 acredula
732 2583 797 2667 γάρ
829 2585 866 2649 τά
890 2586 1061 2668 γινόμενοι
1085 2624 1123 2632 -
1145 2585 1192 2667 μή
1223 2585 1342 2649 δοῦναι

159 2742 163 2749 .
219 2688 287 2761 τοῖς
299 2682 439 2764 Ἕλλησι
451 2732 461 2764 ,
491 2706 688 2769 quamquam
711 2685 765 2749 hic
788 2707 917 2769 quoque
939 2688 1039 2752 tradit
1061 2688 1125 2772 IX,
1153 2688 1193 2751 69
1215 2693 1340 2753 ceteros

218 2789 358 2854 Graecos
382 2809 454 2852 sero
477 2788 519 2852 ad
540 2808 683 2871 pugnam
706 2790 916 2873 procurrisse,
939 2789 995 2872 IX,
1018 2791 1057 2854 61
1082 2790 1242 2875 principio
1258 2791 1339 2856 Pau·

218 2890 342 2955 saniam
372 2890 461 2954 haud
484 2891 612 2972 egregie
635 2889 756 2954 litasse.
801 2891 949 2973 Denique
974 2890 1179 2956 Callicratem
1201 2899 1339 2976 uterque

220 2992 408 3055 κάλλιστον
430 2991 495 3055 τῶν
515 2984 860 3081 ἛλληνωνορροΠοι,
883 3014 959 3056 nam
982 2992 1021 3057 cf.
1216 2992 1222 3003 '

215 3092 266 3158 Ἐν
290 3091 397 3181 τούτῳ
421 3095 531 3157 δὲκαὶ
554 3092 751 3177 Καλλικρά-
804 3093 924 3158 Herod.
947 3094 1010 3177 Ill,
1034 3096 1073 3157 72
1095 3093 1340 3178 Καλλικράτης

216 3218 276 3272 της
298 3190 337 3259 ὃν
360 3188 437 3278 ἰδέη
462 3218 495 3257 τε
516 3193 754 3257 κάλλιστον
805 3195 870 3279 γάρ
887 3192 950 3271 ἔξω
973 3198 1032 3273 τῆς
1046 3195 1155 3278 μάχης
1170 3195 1339 3280 άπέθανε,

142 3286 144 3291 ⁴
215 3291 411 3374 Ἑλλήνων
440 3297 498 3359 καὶ
530 3293 660 3375 σώματι
694 3295 750 3377 με’-
805 3295 1040 3380 ἐλθωνάνηρ
1065 3294 1340 3373 κάλλιστοςές

216 3420 334 3481 γιοτον
361 3399 395 3461 ἐν
419 3394 531 3485 ἐκείνῳ
555 3399 599 3478 τῷ
621 3397 754 3486 στρατῷ
807 3394 847 3462 τά
874 3396 1108 3485 στρατόπεδον
1136 3400 1215 3461 τῶν
1244 3396 1338 3463 τότε

216 3493 755 3584 γενέσθαιλέγονσι,τοξευθεὶς
803 3498 1088 3583 Ἑλλήνων-,
1129 3495 1181 3579 ὃς,
1220 3500 1338 3579 ἐπειδὴ

219 3602 289 3663 καὶ
327 3599 531 3674 θνήσκων
565 3597 639 3664 οὐκ
674 3595 754 3687 ἐφη
805 3601 1033 3688 ἐσφαγιάζετο
1049 3600 1262 3679 Παυσανίης,
1281 3625 1341 3664 κα-

220 3701 496 3767 τὸνθάνατον
516 3700 754 3785 ὀδύρεσθαι
808 3705 951 3786 ιη’μενος
979 3703 1014 3768 ἐν
1043 3706 1081 3790 τῇ
1110 3698 1184 3779 τάξι
1214 3703 1340 3787 ἐτρω-

216 3841 258 3850 -
280 3803 370 3867 utt'
400 3798 467 3868 ὅτι
492 3801 680 3880 θνήσκει
711 3805 755 3893 τῇ
804 3804 1003 3890 ματίσθη
1027 3801 1268 3887 τοξεύματι
1298 3806 1350 3870 τά·

213 3908 323 3989 χειρὶ
347 3904 399 3987 μη
418 3905 700 3991 χρησάμενος.
805 3906 944 3990 πλευρά.
973 3907 1029 3969 καὶ
1053 3904 1093 3982 δὴ
1117 3908 1150 3970 οἱ
1172 3911 1236 3986 μὲν
1258 3906 1340 3990 ἐμά-

800 4031 919 4095 χοντο,
955 4006 1038 4074 ὁδ’
1073 4003 1341 4091 ἐξενηνειγμένος

805 4108 1035 4177 ἐδυσθανάτεέ
1072 4134 1106 4175 τε
1146 4112 1205 4173 καὶ
1246 4108 1340 4195 ἔλεγε

1152 4229 1188 4284 3.
