3182 4906
698 460 912 524 ..32-

323 632 406 697 Tum
434 632 523 715 quod
551 651 576 695 c.
607 631 648 695 10
676 631 817 695 Xerxem
847 629 974 694 300000
1003 627 1149 693 hostium
1181 649 1254 693 cum
1281 628 1367 693 Mar-

236 736 336 802 donio
367 736 401 799 in
424 732 563 798 Graecia
590 733 761 815 reliquisse
791 729 984 796 Plutarchus
1020 731 1151 814 scribit,
1181 731 1366 796 Herodotus

236 860 311 903 cum
342 858 379 901 eo
403 837 546 902 concinit
569 832 669 916 (VIII,
695 835 771 908 1003
795 833 834 897 cf.
858 831 952 898 Diod.
976 834 1032 915 XI,
1057 835 1096 897 28
1121 839 1154 898 et
1175 834 1229 912 30)
1260 853 1366 915 neque

238 940 415 1023 delegatis
438 937 739 1004 aLacedaemoniis
754 934 902 1000 Athenas
924 936 1033 1000 missis
1057 935 1228 1000 dissimilia
1249 934 1366 1016 refert3

240 1064 318 1107 nam
341 1040 380 1104 cf.

176 1186 183 1199 x
240 1141 528 1225 Λακεδαιμονίοις
550 1143 612 1223 μὲν
625 1137 775 1202 ἐκέλευσε
828 1138 948 1203 Herod.
959 1138 1047 1221 VIII,
1069 1138 1144 1202 144:
1167 1176 1195 1184 -
1217 1128 1271 1202 δτι
1289 1131 1365 1202 οὕτε

237 1245 378 1333 φράζειν
393 1244 436 1318 ώς
452 1242 510 1307 οὐκ
526 1239 599 1306 ἔστι
615 1240 777 1326 χρυσοῦ
821 1239 946 1326 χρυσός
960 1240 1029 1305 ἐστι
1045 1242 1106 1322 γῆς
1121 1239 1299 1323 οὐδαμόθι
1315 1262 1365 1305 το·

237 1348 441 1410 τοσοῦτον
457 1337 776 1427 πλὴθοςοῦθ’δπὲρ
827 1343 945 1416 σουτος
967 1339 1043 1406 οὐτε
1062 1341 1150 1428 χώρη
1176 1338 1296 1406 κοίλλεϊ
1311 1342 1366 1405 καὶ

238 1449 302 1530 γῆν
316 1444 396 1511 οὔδ’
410 1442 477 1509 ὑπὸ
490 1447 568 1529 μην,
583 1439 773 1518 ὅσονἈθη-
830 1444 930 1528 dorth
945 1443 1031 1525 με’γα
1047 1440 1298 1529 ὑπερφέρουσα,
1314 1442 1363 1506 τοί

237 1552 327 1614 ναῖοι
363 1544 571 1623 δέξαιντο
608 1539 660 1609 ι’ίν
697 1547 773 1631 πρό
827 1543 948 1628 ἡμεῖς
985 1540 1222 1625 δεξάμενοι
1266 1545 1366 1608 ἐθί-

238 1653 311 1729 τῆς
341 1646 770 1720 τῶνἙλλήνωνέλευὲ
827 1649 978 1731 λοιμεν
1015 1640 1064 1711 σ’ίν
1102 1644 1368 1726 μηδίσαντες

239 1748 399 1837 θερίας.
430 1748 773 1837 Ίλνῖςδὲπαραιυαρ-
828 1749 1152 1813 καταδουλῶσαι
1185 1750 1259 1827 την
1283 1747 1365 1816 Ἑλ-

238 1847 776 1936 δουίουτόνῆλιον·δείξας,,ὀίχρι
827 1849 1001 1931 taloan).
1248 1920 1254 1931 ⁴

238 1949 281 2021 δυ
304 1947 423 2028 οὗτος“
449 1952 516 2040 ἔφη
540 1953 693 2033 »ταύτην
715 1976 774 2017 πο·
825 1954 872 2020 Id.
896 1955 984 2038 VIII,
1016 1954 1091 2018 143:
1114 1952 1174 2018 νῦν
1196 1954 1231 2018 δὲ
1258 1950 1365 2041 dady-

238 2056 374 2141 ρεύεται
409 2054 472 2133 την
508 2052 646 2139 πορείαν
669 2055 774 2132 Ἀθη-
827 2052 1366 2140 γελλεΜαρδονίῳ,ιὸςἎθηναῑοι

168 2154 171 2158 ’
237 2164 328 2224 ναῖοι
363 2156 588 2241 πολεμησουσί
626 2157 776 2242 Πέρσαις
827 2157 992 2239 λέγουσιν,
1009 2155 1077 2221 ’ἐστ’
1091 2154 1167 2222 ded
1191 2153 1283 2234 ἥλιος
1306 2159 1367 2237 νην

238 2259 318 2346 ὑπὲρ
351 2262 408 2338 τῆς
430 2260 643 2347 δεδῃωμένης
667 2253 775 2345 χώρας
827 2260 936 2339 αὐτην
965 2251 1045 2325 ὅδον
1075 2259 1127 2351 ἴῃ,
1158 2263 1198 2351 τῇ
1227 2263 1284 2324 καὶ
1307 2264 1367 2327 νῦν

240 2363 297 2426 καὶ
320 2364 383 2430 τᾶν
405 2358 616 2449 ἠσεβημένων
640 2363 698 2425 καὶ
716 2385 775 2426 κα-
827 2358 1026 2448 {excremari
1044 2385 1121 2426 κοτε
1138 2359 1366 2447 ὁμολογήσειν

239 2463 502 2546 τακεκαυμὲνωυ
524 2465 655 2548 ἱερῶν.“
829 2460 935 2547 ἡμέας
950 2459 1066 2556 Ξέρξῃ·
1092 2464 1183 2530 οίλλοί
1198 2468 1313 2530 θεοῖσι
1330 2491 1364 2531 τε

827 2564 1030 2651 συμμάχοισι
1057 2564 1189 2632 πίσυνοί
1211 2592 1268 2652 μιν
1291 2568 1365 2631 ε’πὲ·

828 2667 925 2753 ξιμεν
953 2666 1158 2753 α’μυυὸμενοι
1190 2670 1248 2733 καὶ
1278 2671 1366 2735 τοῖσι

826 2767 929 2854 ἥρωσι
963 2772 1025 2835 τῶν
1054 2771 1176 2847 ἐκεῖνος
1204 2771 1364 2856 οὐδεμίαν
1468 2807 1473 2814 ·

826 2873 905 2939 ὄπιν
933 2874 1015 2962 ἔχων
1044 2873 1202 2959 ἐνέπρησε
1227 2871 1304 2950 τοίς
1329 2897 1363 2938 τε

829 2977 950 3052 οἴκους
969 2977 1024 3038 καὶ
1049 2976 1092 3040 ναί
1115 2973 1310 3062 οίμοίλματα.

321 3096 435 3181 Neque
457 3117 532 3160 vcro
556 3096 730 3180 quicquam
746 3097 933 3163 Herodotus
955 3095 1093 3180 praebet
1116 3096 1155 3160 de
1177 3097 1298 3161 litteris
1322 3095 1363 3160 ad

239 3199 381 3266 Graecos
411 3221 431 3264 a
459 3199 632 3265 Mardonio
659 3199 782 3275 missis3
811 3206 878 3266 tum
907 3220 944 3263 eo
972 3196 1190 3263 aPlutarcho
1221 3198 1364 3283 dissidet,

241 3303 330 3385 quod
351 3323 416 3367 non
439 3302 654 3384 complurium
677 3302 856 3383 legatorum
871 3299 1069 3365 mentionem
1084 3300 1173 3384 facit,
1196 3301 1253 3364 sed
1268 3300 1365 3365 unius

237 3404 415 3468 Alexandri
432 3403 532 3486 (VIII,
547 3403 630 3489 140).
653 3403 701 3466 lle
717 3410 862 3469 extrema
871 3410 977 3468 autem
990 3403 1104 3485 capitis
1119 3407 1211 3486 parte
1224 3404 1364 3468 Wester-

238 3528 377 3571 mannus
411 3505 472 3586 (De
494 3507 561 3571 vita
591 3510 624 3569 et
653 3506 783 3588 scriptis
809 3505 894 3570 Plut.
924 3503 1153 3571 commentatio
1183 3525 1257 3587 pag.
1280 3504 1364 3589 XV.)

243 3606 330 3671 hunc
364 3606 398 3671 in
429 3608 561 3672 modum
592 3606 785 3691 disputavitt
820 3607 959 3691 „maiori
988 3607 1088 3670 etiam
1114 3604 1285 3671 offensioni
1315 3612 1366 3671 est

239 3729 371 3773 aversus
399 3708 569 3776 Plutarchi
591 3709 632 3774 ab
662 3709 829 3774 Herodoto
860 3711 998 3775 animus.
1042 3706 1173 3773 Scilicet
1202 3709 1237 3773 in
1258 3708 1365 3773 rebus.

240 3810 466 3877 Themistoclis
503 3818 536 3876 et
571 3811 725 3876 Aristidis
763 3811 964 3894 exponendis
998 3809 1087 3875 haud
1122 3830 1198 3875 raro
1234 3810 1366 3895 quidem

239 3933 312 3976 cum
342 3912 508 3978 Herodoto
541 3914 706 3979 consentit
735 3913 783 3976 ita
812 3919 851 3977 ut
880 3912 969 3978 illius
999 3911 1146 3976 historiis
1175 3931 1270 3978 usum
1292 3932 1364 3976 eum

311 4136 353 4198 16)
372 4132 412 4187 Cf.
432 4132 515 4187 Diod.
535 4132 584 4200 XI,
605 4137 638 4188 28
656 4137 680 4185 υἱ
699 4136 726 4185 δὲ
742 4132 884 4199 Ἀθηναῖοι
903 4142 960 4192 τοῖς
976 4131 1123 4204 βαρβάροις
1141 4133 1194 4187 κτλ.
