3182 4906
676 478 983 544 ..13..1

217 655 325 722 oculos
347 671 526 740 proponere
545 649 656 734 liceat,
688 670 752 732 quo
774 647 892 716 clarius
916 657 1092 737 appareat,
1122 672 1188 735 qua
1209 651 1336 716 ratione

216 758 244 824 is
266 758 300 822 in
323 754 555 821 conscribendo
577 752 689 818 libello
711 773 789 817 usus
812 754 863 817 sit.
901 754 1086 819 Herodotus
1109 756 1195 819 enim
1217 754 1275 838 Ill,
1296 756 1338 820 48

217 881 306 944 seqq.
329 859 435 924 tradit
457 855 640 922 Corinthios
663 876 735 920 cum
750 855 1016 921 Lacedaemoniis
1033 857 1187 921 adversus
1203 858 1339 941 Sarnios,

216 983 289 1026 cnm
311 981 410 1045 penes
432 959 635 1043 Polycratem
657 979 816 1023 summum
838 959 1011 1042 imperium
1033 966 1133 1042 esset,
1163 960 1340 1041 expeditio-

217 1085 291 1129 nem
321 1062 519 1144 suscepisse,
551 1061 628 1143 quia
657 1060 770 1143 paullo
802 1066 879 1124 ante
901 1066 1065 1124 trecentos
1089 1060 1341 1145 Corcyraeorum

216 1165 354 1245 liberos,
377 1185 458 1245 quos
487 1162 655 1227 castrados
677 1156 803 1245 Alyatti
825 1162 912 1226 tradi
933 1162 1111 1226 Periander
1133 1165 1281 1228 iussisset
1289 1166 1341 1249 4λ),

217 1265 317 1331 Samii
354 1286 393 1329 ex
430 1266 639 1330 castrationis
670 1265 816 1349 periculo
846 1264 1057 1346 eripuissent3
1091 1264 1195 1330 libelli
1232 1271 1341 1330 autem

217 1368 358 1452 scriptor
380 1386 449 1450 cap.
472 1368 513 1430 22
535 1367 597 1430 hac
621 1365 752 1449 quidem
773 1365 812 1430 de
835 1386 934 1430 causa
953 1366 1139 1432 Corinthios
1163 1386 1253 1431 arma
1268 1388 1341 1432 con·

218 1478 268 1536 tra
291 1469 415 1535 Samios
438 1470 552 1534 tulisse
575 1474 674 1551 negat
696 1475 795 1549 atque
818 1470 864 1532 sic
886 1467 994 1551 pergit
1015 1466 1099 1552 (cap.
1116 1469 1167 1553 23,
1182 1469 1232 1549 ἵης
1255 1465 1342 1555 cipr-

218 1572 345 1636 λέσθαι
375 1567 490 1635 τοίνυν
522 1567 818 1653 Λακεδαιμονίους
853 1570 900 1652 μή
934 1567 1118 1653 δυνάμενος
1151 1569 1211 1644 τήν
1241 1568 1342 1647 Ἀθη-

218 1670 319 1737 ναίων
336 1672 556 1756 ἐλευθέρωσιν
578 1669 645 1736 άπὸ
668 1673 733 1734 τιον
756 1669 925 1753 τυράννων
947 1664 1108 1761 αἰσχίστῳ
1131 1671 1242 1737 πάθει
1265 1674 1342 1736 καλ-

218 1776 333 1840 λιστσν
361 1770 461 1856 ἐ’ργον
491 1762 563 1848 οἷός
593 1773 621 1837 τ’
656 1772 750 1837 ἐστὶν
786 1769 968 1858 άφανίζειν
1006 1773 1064 1837 καὶ
1101 1774 1342 1860 καταισχύνειν·

216 1873 323 1961 ,,ταχύ
357 1873 421 1958 γάρ
452 1872 659 1956 μετανοήσαί
692 1895 796 1960 φησιν
823 1872 960 1958 αὐτούς,
990 1874 1032 1948 ὠς
1059 1875 1102 1939 oo'
1131 1873 1340 1953 ποιήσαντας

217 1979 331 2061 ὀρθῶς
339 2028 348 2062 ,
378 1973 432 2042 ὅτι
460 1975 646 2064 κιβδήλοισι
668 1979 882 2059 μαντηίοισιν
903 1976 1113 2060 ἐπαρθέντες
1134 1974 1260 2063 ἄνδρας
1281 1972 1343 2053 ξεί-

216 2103 293 2154 νσυς
323 2076 425 2153 ὄντας
453 2074 587 2140 αὐτοῖσι
617 2078 677 2141 καὶ
704 2074 954 2162 ὑποσχομένους
983 2075 1167 2171 ὑποχειρίας
1190 2074 1344 2162 παρέξειν

218 2181 280 2257 τάς
298 2179 457 2258 Ἀθήνας,
480 2176 648 2256 ἐξήλασαν
672 2180 707 2243 ἐκ
733 2181 788 2256 τῆς
810 2174 974 2262 πατρίδος
998 2179 1073 2257 τούς
1087 2179 1265 2266 τυράννους
1284 2181 1339 2243 καί

218 2278 313 2371 δήμῳ
335 2278 508 2368 άγαρίστῳ
531 2281 734 2363 παρέδωκαν
757 2282 817 2358 τήν
840 2279 946 2345 πόλιν.
970 2270 1058 2349 Εἶτα
1080 2280 1343 2367 μεταπεμψαμέ-

218 2408 293 2459 νους
322 2381 449 2447 Ἱππίαν
477 2379 546 2445 άπδ
568 2379 711 2463 Σιγείου
734 2383 894 2463 κατάγειν
916 2381 965 2458 είς
987 2384 1048 2460 τάς
1062 2380 1219 2459 ,Ἀθήνας
1250 2378 1343 2446 άντι-

219 2489 340 2564 στήναι
367 2485 401 2547 δὲ
424 2483 632 2571 ,Κορινθίους
659 2483 775 2558 αὐτοῖς
803 2486 863 2546 καὶ
885 2484 1125 2569 cicestriam,-
1141 2482 1342 2572 Ew[ot]xle'-

217 2610 273 2663 ους
302 2585 525 2665 διελθόντος,
556 2580 619 2651 ὅσα
640 2583 800 2669 Κύψελος
828 2589 887 2649 καὶ
913 2585 1124 2671 Περίανδρος
1152 2585 1243 2649 κακοί
1267 2585 1343 2664 τήν

219 2684 474 2772 Κορινθίων
509 2686 638 2751 πόλιν
671 2684 876 2772 εἰργάσαντο
905 2691 1174 2772 τνραννοίιντες“
1220 2684 1344 2751 Καίτοι

221 2788 437 2872 Περιάνδρου
460 2790 696 2876 σχετλιώτερον
719 2790 818 2855 ου’δὲν
841 2788 911 2858 οὐδ’
933 2787 1107 2875 ὠμότερον
1130 2789 1228 2874 ἔργον
1251 2791 1345 2853 ἱστο-

220 2896 329 2976 ρεῖται
359 2892 419 2968 τής
447 2891 617 2975 ἐκπομπῆς
647 2893 711 2958 τῶν
734 2892 934 2974 τριακοσίων
956 2890 1097 2963 ἐκείνων,
1120 2888 1174 2967 otio
1197 2888 1345 2976 ἐξαρπά-

218 3015 296 3058 σασι
328 2995 385 3056 καὶ
417 2989 650 3060 διακωλύσασι
672 2995 799 3058 παθεῖν
826 2996 932 3059 ταῦτα
954 2993 1110 3074 Σαμίοις
1139 2992 1343 3078 ὀργίζεσθαί

218 3118 303 3179 φησι
326 3095 381 3156 καὶ
405 3100 630 3174 μνησικακεῖν
658 3095 866 3181 Κορινθίους
889 3089 996 3177 ὥσπερ
1019 3092 1238 3182 ὑβρισθέντες
1281 3096 1344 3157 Το-

218 3194 347 3273 σαύτης
369 3193 603 3276 α’ναιιίμπλησι
628 3199 787 3281 ταραχή
796 3222 812 3271 ς
832 3198 887 3258 καὶ
911 3197 1147 3280 διαφωνίας
1175 3197 1213 3260 τό
1237 3194 1343 3259 κακό-

218 3299 308 3375 ηθες
331 3294 435 3361 αύτοῦ
460 3295 657 3380 τὸνλόγον,
685 3296 719 3374 ἐξ
743 3295 874 3376 άπάσης
898 3301 938 3390 τῇ
960 3296 1114 3380 διηγήσει
1140 3297 1343 3384 προφάσεως

218 3397 454 3482 ὑποδυόμενον.

302 3502 400 3568 Haud
430 3501 528 3565 dubie
556 3499 636 3564 hacc
666 3504 857 3584 gravissima
884 3504 1042 3569 Herodoti
1073 3503 1172 3567 verba
1210 3523 1343 3586 prorsus

218 3604 363 3688 neglexit
385 3604 457 3688 (ΠΙ,
479 3605 550 3680 49);
582 3600 634 3685 ,εἰ
665 3603 727 3685 μὲν
754 3627 813 3667 νυν
839 3604 1053 3688 Περιάνδρου
1082 3604 1343 3684 τελευτήσαντος
1383 3618 1385 3625 ⁴

220 3709 307 3769 τοῖσι
330 3703 547 3789 Κορινθίοισι
561 3701 644 3791 φίλα
660 3696 702 3782 ήν
719 3706 803 3789 πρὸς
828 3707 902 3781 τούς
919 3707 1152 3791 Κερκυραίους,
1177 3709 1210 3770 σί
1234 3708 1269 3774 δὲ
1286 3706 1342 3790 (sc.

218 3806 392 3891 Corinthii)
414 3806 476 3871 ούκ
500 3802 542 3872 σ’ίν
565 3808 794 3891 συνελάβοντο
819 3811 877 3874 τοῦ
905 3806 1157 3894 στρατεύματος
1194 3807 1254 3871 τοῦ
1290 3806 1344 3869 ἐπὶ

218 3908 346 3994 Σάμον
369 3908 493 3987 ταύτης
520 3904 645 3977 ι’ίνεκεν
673 3913 731 3988 τής
752 3907 872 3989 αἰτίης.
900 3913 959 3975 νῦν
983 3910 1020 3975 δέ
1045 3908 1114 3974 αιέὶ
1134 3908 1205 3975 ἐπεί
1228 3933 1265 3974 τε
1290 3906 1344 3974 ἕκ-

220 4034 318 4077 τισαν
348 4009 409 4105 τήν
429 4006 545 4091 νήσου,
574 4007 641 4076 εἰσὶ
667 4012 850 4093 α’λλήλοισι
872 4010 1032 4100 διάᾳοροι
1053 4011 1164 4089 ε’όυτες
1186 4010 1343 4076 ἑωυτοῖσι,

285 4185 329 4248 42)
349 4180 491 4253 Corcyraei
509 4180 580 4235 enim
597 4182 736 4237 Periandri
755 4153 840 4237 filium
858 4189 942 4236 morte
961 4183 1111 4237 affecerant.
