3182 4906
631 454 839 520 ...17-

330 624 428 708 Οἴμοι
452 621 536 709 πρὸς
559 623 650 711 αὐτῷ
670 627 701 712 γ’
723 622 794 712 εἰμὶ
817 626 862 716 τῷ
886 627 985 716 δεινῷ
1007 628 1127 711 λέγειν,

324 724 429 807 Κοίγώ
449 724 476 815 γ’
498 724 645 792 οἱκούειν.
668 726 745 792 ἀλλ’
767 719 857 811 ὅμως
879 728 1077 795 οἷκονστεόν.

247 825 350 892 marl
381 830 477 893 τοῦτο
504 834 566 912 μέν
597 827 684 894 ’έοικε
715 831 774 907 τῆς
802 830 880 915 περὶ
909 829 947 894 τὸ
978 829 1089 896 πάντα
1120 832 1296 917 γινώσκειν

168 929 293 1011 ἡδονῆς
315 928 465 1016 οἴκριισία
497 955 548 1007 τις
578 920 663 995 εἶναι
696 933 754 994 καὶ
783 925 879 1016 ῥύσις
901 930 1120 1018 ἐκβιαζομένη
1146 934 1205 999 τόν
1237 937 1294 999 λυ·

169 1031 300 1118 γισμόν·
331 1026 414 1098 ὅταν
443 1033 479 1096 δέ
501 1024 607 1116 μηδὲν
638 1031 760 1117 έχουσα
784 1032 935 1117 λυπηρὸν
959 1025 981 1110 ’l
1002 1034 1175 1118 βλαβερὸν
1199 1037 1295 1100 ἱστο-

170 1132 229 1220 ρία
260 1136 318 1197 καὶ
347 1131 498 1214 διήγησις
528 1134 581 1197 ἐστὶ
611 1131 751 1218 πράξεσι
779 1135 901 1209 καλαῖς
925 1135 983 1196 καὶ
1003 1133 1170 1219 μεγαλοις
1191 1158 1293 1221 τιρσσ-

172 1237 256 1327 λάβῃ
287 1235 388 1321 λόγον
420 1233 540 1322 έχοντα
568 1234 711 1318 δύναμιν
742 1238 798 1300 καὶ
821 1234 923 1323 χάριν
952 1234 993 1312 ὠς
1024 1237 1081 1302 τὸν
1111 1235 1295 1323 Ἡροδότου

173 1343 213 1402 τᾶ
237 1337 409 1415 Ἑλληνικά
434 1339 492 1402 καὶ
516 1337 672 1425 Περσικοὶ
698 1335 756 1403 τὸν
777 1332 999 1425 Ξενοφῶντος
1010 1343 1059 1421 ⁴⁵).

332 1436 440 1504 Ὄσσα
464 1439 491 1503 δ’
511 1436 656 1524 Ὅμηρος
679 1439 836 1506 ἐθέσπισε
862 1440 1011 1504 θέσκελα
1035 1440 1130 1518 εἰδώς

172 1537 194 1626 ἢ
216 1545 275 1631 γῆς
304 1541 503 1628 περιΙοδους]
523 1539 668 1620 Εὔδοξος
692 1536 712 1620 ἢ
737 1542 860 1618 κτίσεις
881 1548 938 1606 καὶ
962 1545 1129 1619 πολιτείας
1150 1542 1294 1630 Ἀριστο-

173 1649 269 1724 cerac
298 1634 319 1722 ri*
352 1641 439 1732 βίους
468 1645 600 1732 ἀνδρῶν
627 1641 845 1731 Ἀριστόξενος
875 1641 1044 1733 ἔγραψεν,
1083 1645 1129 1712 οὐ
1163 1646 1296 1731 μόνον

171 1751 278 1833 μέγα
308 1746 509 1810 καὶαολυ
534 1747 577 1812 τό
603 1745 827 1831 εὐφαῖνον,
857 1747 1068 1811 οἰκιακοὶ
1093 1751 1294 1840 καθαρόν

172 1852 243 1914 καὶ
268 1846 607 1933 ἀμεταμέλητόν
628 1847 751 1915 ἐστιν.
1266 1846 1270 1853 ’

256 1951 379 2028 Quibus
408 1950 515 2015 verbis
543 1951 688 2016 nondum
718 1972 913 2035 quemquam
936 1952 978 2017 ad
1001 1953 1186 2037 opinionem
1208 1954 1294 2022 Lah-

170 2056 292 2141 meyeri
308 2053 573 2120 labefactandam
594 2076 688 2121 usum
711 2074 781 2119 esse
803 2077 922 2138 magno
939 2070 1035 2139 opero
1051 2057 1165 2131 miror3
1188 2077 1294 2139 neque

171 2160 258 2225 enim
275 2158 367 2222 ineis
391 2156 592 2241 explicandis
615 2164 648 2221 ct
668 2157 923 2240 interpretandis
946 2160 995 2222 vir
1017 2159 1131 2223 doctus
1154 2179 1225 2223 eam
1248 2160 1294 2224 di·

170 2261 360 2345 ligentiam,
390 2280 488 2342 quam
518 2258 674 2340 debebat,
706 2260 878 2341 praestitit.
928 2258 1114 2345 Nampag.
1145 2261 1184 2323 97
1214 2261 1295 2326 haec

171 2363 259 2446 apud
286 2383 359 2428 eum
389 2365 532 2426 exstant:
562 2359 676 2444 „Nihil
707 2362 791 2424 enim
827 2361 946 2446 refert,
981 2363 1070 2445 quod
1098 2363 1294 2430 Plutarchus

170 2466 237 2533 alio
258 2467 329 2531 loco
349 2464 438 2545 dicit,
461 2454 547 2527 ὅταν
577 2464 611 2526 δέ
632 2462 740 2543 μηδὲν
763 2460 879 2547 έχουσα
904 2464 1057 2548 λυπηρὸν
1079 2458 1100 2542 ἢ
1121 2466 1294 2551 βλαβερὸν

170 2606 212 2615 -
235 2564 277 2642 ώς
300 2566 359 2630 τόν
380 2561 564 2652 Ἡροδότου
590 2561 636 2627 τοὶΙ
655 2560 833 2641 Ἑλληνικά
846 2611 852 2624 .
867 2610 875 2626 .
892 2566 994 2648 ,μέγα
1015 2562 1056 2630 ’τὸ
1081 2564 1295 2654 εὐφραῖνονις

171 2670 200 2736 si
222 2669 353 2752 quidem
375 2667 456 2734 haec
479 2666 636 2733 Herodoti
658 2667 730 2731 laus
753 2667 796 2733 ad
818 2668 930 2751 solam,
955 2689 1020 2750 qua
1035 2669 1224 2755 excellebat,
1248 2671 1294 2735 di-

170 2771 264 2837 cendi
286 2775 491 2834 venustatem
511 2763 684 2833 referenda
706 2774 770 2852 est,
793 2791 865 2834 cnm
887 2792 939 2836 res
961 2769 1028 2834 illis
1050 2772 1252 2855 temporibus
1274 2795 1295 2838 a

169 2873 302 2938 Graecis
332 2877 442 2956 gestae
471 2875 540 2934 tam
562 2870 685 2935 fuerint
706 2871 863 2955 pulchrae
886 2873 1061 2938 secundnm
1082 2872 1294 2940 Plutarchum

168 2983 302 3058 tamque
324 2973 463 3058 grandes
486 2994 545 3056 per
567 2994 618 3056 se,
648 2979 685 3038 ut
707 2995 747 3036 ne
769 2975 956 3057 malignitas
981 2975 1111 3056 quidem
1134 2976 1293 3043 Herodoti

169 3098 281 3143 earum
304 3078 426 3160 gloriae
450 3076 631 3142 detrectare
654 3077 794 3160 posset.“

254 3178 449 3243 Plutarchus
481 3178 580 3261 igitur
600 3177 670 3247 *hoo
699 3179 769 3242 loco
801 3177 903 3260 λόγον
924 3185 957 3242 et
979 3175 1115 3263 πράξεις
1137 3177 1292 3243 discernit

168 3283 199 3346 h.
223 3303 249 3345 e.
274 3279 451 3346 orationem
475 3286 507 3344 et
529 3301 598 3364 res,
627 3302 711 3363 quae
734 3281 762 3345 si
783 3282 1040 3364 coniunguntur,
1072 3277 1203 3364 ἱστορία
1235 3281 1292 3342 καὶ

169 3456 373 3463 ΜΝ

237 3540 281 3600 45)
300 3535 342 3588 De
366 3535 493 3601 hocloco
512 3534 628 3588 Rasmus
646 3535 701 3601 (,In
719 3534 855 3588 Plutarchi
873 3535 971 3599 libros,
998 3534 1059 3586 Non
1083 3551 1159 3604 posse
1177 3535 1292 3588 suaviter

169 3621 223 3675 vivi
240 3638 292 3674 sec.
312 3620 467 3690 Epicurum‘
487 3629 514 3674 et
539 3620 683 3686 ,Adversus
708 3620 828 3674 Coloten‘
854 3627 905 3673 etc.
930 3637 990 3690 pag.
1018 3624 1145 3689 5-progr.
1166 3619 1289 3673 Francos.

172 3710 248 3772 1863)
268 3709 338 3761 huno
355 3707 383 3759 in
401 3706 509 3759 modurn
528 3706 686 3777 disputavitr
1255 3721 1258 3731 ’·

169 3792 276 3857 „scrib
292 3835 297 3846 .
314 3834 320 3847 .
337 3790 501 3862 ,Ἡροδότου
525 3793 558 3842 τὰ
582 3792 694 3860 Περσικὰ
719 3795 761 3842 καὶ
780 3786 920 3857 ‘Eldamari
934 3834 939 3844 .
957 3831 963 3842 .
982 3831 987 3842 .
1003 3790 1191 3857 Erumpebat&
1217 3791 1292 3859 (olel)

169 3877 276 3943 „Suum
295 3880 390 3950 cuique
408 3877 529 3948 scriptori
547 3877 713 3931 reddendum
731 3895 787 3931 esse
806 3880 936 3948 quianon
954 3875 1126 3944 intelligat?“

235 3965 273 4016 At
291 3982 324 4035 err
336 3964 473 4016 Pantheae
486 3964 632 4028 mentione,
652 3981 719 4033 quae
736 3963 913 4034 subsequitur,
935 3969 1044 4031 apparet
1056 3961 1229 4015 Plutarchum
1241 3964 1292 4016 hoc

166 4045 226 4100 looo
251 4066 304 4100 non
322 4049 362 4102 ad
380 4049 566 4120 Xenophontis
590 4048 731 4103 Hellenioa
756 4050 804 4102 sed
828 4049 862 4102 nd
883 4046 973 4116 Κύρου
992 4048 1112 4100 παιδείαν
1129 4046 1275 4117 respexisse
1282 4068 1289 4110 ;

169 4132 266 4184 etenim
284 4133 312 4186 in
329 4151 362 4186 ea
379 4142 485 4188 tantum
502 4135 636 4188 Pantheae
655 4152 752 4188 nomen
770 4134 845 4188 nobis
863 4133 983 4187 occurrit.

1122 4222 1138 4271 2
