3182 4906
692 459 902 526 *aem

234 631 294 719 30,
325 632 363 697 31
397 631 496 713 (init.)
525 633 724 719 propositam
752 652 839 716 esse,
872 633 935 700 nisi
965 632 1102 700 fortasse
1130 632 1169 700 de
1193 628 1357 704 'Charonis

234 737 448 819 Lampsaceni
459 735 543 802 libro
557 733 709 821 Πιρσικά
724 737 882 821 inscripto
899 738 1039 821 cogitari
1053 738 1161 814 licet“;
1180 746 1267 804 certe
1282 740 1358 807 inda
1433 811 1435 815 ,

201 861 205 867 ·
236 860 346 925 acap.
370 840 410 904 26
434 840 572 922 scriptor
602 859 667 902 non
690 838 858 922 Ephorum
885 841 977 924 sequi
998 841 1127 905 videtur
1152 840 1358 919 (Plutarchus

236 941 322 1005 enim
352 948 385 1006 et
406 941 569 1006 Diodorus
593 979 633 986 —
656 941 713 1024 XI,
735 940 776 1005 5ss
801 979 840 988 -
863 941 1046 1025 paullulum
1075 942 1218 1009 interce
1241 944 1357 1010 discre-

235 1049 318 1128 pant
346 1043 486 1127 hospitis
515 1042 669 1128 nominc),
699 1043 757 1108 scd
785 1064 826 1107 ne
854 1065 913 1128 ego
936 1044 1067 1127 quidem
1090 1051 1178 1110 certo
1202 1048 1286 1132 scio,
1315 1047 1359 1112 ad

236 1168 333 1229 quem
352 1153 516 1211 auctorem
539 1145 601 1210 hac
622 1146 706 1210 vitae
727 1151 823 1227 parte
846 1166 879 1210 se
902 1147 1123 1231 applicaverit.
1146 1147 1260 1231 Neque
1274 1150 1359 1214 enirn

236 1248 415 1332 quidquam
436 1246 611 1331 Phylarchi
641 1245 824 1329 fragmento
854 1249 892 1312 21
923 1248 1124 1331 proficimus,
1155 1250 1243 1331 quod
1270 1251 1360 1334 apud

236 1352 369 1417 Suidam
392 1356 458 1417 est:
505 1346 614 1433 Τιάρα
645 1347 771 1432 κόσμος
799 1347 1054 1437 ἐπικεφάλαιος,
1085 1346 1127 1428 ἢν
1155 1351 1188 1415 οἱ
1208 1353 1362 1437 βασιλεῖς

235 1451 333 1537 μόνοι
363 1451 480 1537 ὀρθήν
502 1449 650 1539 ἐφόρουν
671 1450 767 1534 πικροὶ
793 1452 962 1537 Πέρσαις,
984 1454 1016 1516 οἱ
1041 1454 1076 1515 δὲ
1098 1456 1284 1539 στρατηγοὶ
1308 1477 1360 1519 ιιι-

236 1555 405 1637 ,κλιμείιιςι
454 1554 521 1618 Καὶ
545 1550 750 1638 Δημάρατος
780 1550 798 1618 ὁ
819 1551 1119 1638 Λακεδαιμόνιος,
1147 1551 1182 1630 ὃς
1210 1553 1252 1634 δή
1267 1556 1362 1641 ἱμετοὶ

236 1653 360 1742 Ξέρξου
382 1647 498 1736 ἦλθεν
522 1656 575 1718 ἐπὶ
602 1654 661 1729 tric
683 1651 833 1733 Ἀθήνας
855 1650 909 1718 ἐπὶ
932 1677 1024 1729 τινος
1045 1652 1222 1739 εὐημερίας
1237 1679 1361 1742 συγχω-

234 1756 399 1845 ρήσαντος
422 1756 511 1843 αὐτῷ
535 1757 593 1820 τοῦ
614 1756 788 1840 βασιλέως,
811 1753 942 1823 tutta
956 1753 1188 1839 αἰτήσασθαι,
1211 1757 1362 1848 ᾐτήσατο

236 1861 271 1925 ἐν
292 1857 386 1948 ὀρθῇ
409 1860 451 1945 τῇ
473 1856 574 1947 τιάρᾳ
598 1854 648 1933 εἰς
675 1854 820 1943 Σάρδεις
841 1852 1029 1939 eloai-cicae,
1059 1855 1102 1934 ὥς
1125 1859 1308 1947 Φύλαρχος
1327 1860 1363 1926 ἐν

236 1959 414 2051 ἑνδεκάτῳ.
477 1960 522 2028 'lt
559 1959 589 2024 δ’
623 1958 710 2027 αὐτὸ
747 1981 852 2039 φασιν
888 1949 975 2025 εἶναι
1012 1963 1067 2024 καὶ
1106 1960 1254 2046 κίθαριν
1293 1960 1362 2043 κτὶ,

236 2084 434 2148 quamquam
456 2064 542 2127 idem
572 2083 591 2127 a
619 2061 796 2127 Plutarcho
826 2063 970 2129 traditur
998 2062 1108 2127 Them.
1139 2084 1165 2128 c.
1187 2064 1238 2128 30.
1283 2064 1360 2130 For-

236 2172 323 2231 tasse
345 2166 488 2250 capitum
507 2167 549 2230 26
564 2171 598 2230 et
613 2165 741 2229 28-30
755 2163 827 2228 fons
849 2163 913 2228 fuit
934 2164 1087 2247 Phanias,
1111 2166 1168 2248 qui
1190 2164 1253 2233 hac
1275 2168 1361 2232 vitae

236 2274 331 2351 parte
354 2267 405 2331 bis
428 2268 468 2352 (c.
488 2268 528 2331 27
552 2273 585 2331 et
608 2268 660 2347 29)
685 2268 881 2331 nominatur.

309 2356 370 2434 vDe
399 2371 506 2454 capite
535 2375 646 2436 autem
668 2370 707 2433 31
733 2367 913 2451 disputanti
947 2373 1029 2452 (pag.
1052 2370 1106 2451 37)
1130 2370 1260 2437 Wolffio
1284 2371 1360 2438 affe-

236 2472 340 2539 renda
366 2472 500 2537 fuerunt
529 2471 611 2538 hacc
640 2470 805 2536 Ciceronis
834 2469 934 2536 verba
963 2469 1098 2550 (Brutus
1120 2494 1145 2536 c.
1170 2475 1239 2552 ln:
1269 2473 1361 2558 ,Con-

238 2596 363 2641 cessum
379 2582 429 2640 est
443 2573 628 2640 rhetoribus
643 2574 794 2639 ementiri
814 2573 848 2637 in
870 2571 1028 2655 historiis,
1051 2579 1089 2638 ut
1110 2574 1235 2658 aliquid
1257 2574 1363 2641 dicere

239 2679 367 2762 possint
397 2677 553 2760 argutius.
598 2676 641 2740 Ut
669 2676 756 2739 enim
784 2682 818 2740 tu
847 2694 934 2738 nunc
956 2675 995 2739 de
1026 2675 1208 2759 Coriolano,
1230 2678 1276 2741 sic
1299 2678 1362 2743 Cli-

237 2778 389 2862 tarchus,
419 2779 465 2842 sic
488 2776 665 2843 Stratocles
697 2776 736 2839 de
759 2775 976 2840 Themistocle
1004 2776 1108 2842 finxit.
1151 2777 1235 2843 Nam
1264 2800 1361 2862 quem

238 2881 443 2966 Thucydides
462 2885 589 2944 tantum
611 2883 777 2943 mortuum
799 2877 932 2962 scripsit
953 2884 986 2942 et
1009 2879 1043 2943 in
1065 2881 1176 2946 Attica
1197 2880 1282 2945 clam
1303 2881 1361 2947 hu·

237 2989 379 3067 matum,
412 2979 539 3049 addidit
560 2979 659 3045 fuisse
682 2980 917 3063 suspicionem,
938 3001 1062 3047 veneno
1085 2983 1147 3048 sibi
1170 2983 1362 3048 conscivisse

238 3092 389 3169 mortem,
412 3084 499 3149 hunc
520 3083 577 3149 isti
599 3084 708 3166 aiunt,
739 3103 825 3146 cum
847 3089 1012 3147 taurum
1034 3084 1363 3170 immolavisset,

239 3189 455 3269 excepisse
472 3186 717 3269 sanguinem
739 3189 889 3268 patera
911 3190 950 3248 et
972 3203 1016 3248 eo
1038 3191 1138 3268 poto
1160 3194 1363 3254 mortuum

239 3289 511 3356 concidisse.“
554 3287 656 3352 Nemo
686 3306 763 3352 sane
794 3285 877 3350 scire
898 3292 1023 3370 potest,
1053 3308 1192 3370 quorum
1213 3290 1247 3354 in
1271 3288 1363 3354 libris

176 3420 180 3426 ·
239 3391 432 3457 Plutarchus
454 3392 525 3474 ipse
546 3388 631 3453 hanc
652 3388 845 3467 fabulam⁵²l
870 3387 993 3470 legerit.

323 3495 371 3560 De
394 3514 419 3558 c.
443 3493 484 3557 32
506 3491 589 3557 nihil
611 3489 725 3572 habeo,
748 3487 837 3572 qnod
858 3488 1033 3573 proferam.

240 3654 443 3667 ...-----—-

307 3722 351 3782 52)
371 3714 451 3786 Apud
463 3711 673 3781 Aristophanem
691 3728 796 3782 quoque
815 3726 847 3762 ea
865 3716 965 3773 exstat3
985 3726 1047 3763 nam
1065 3710 1097 3764 cf.
1114 3710 1206 3782 Equit.
1224 3715 1258 3768 80
1271 3727 1361 3782 seqq.=

347 3796 349 3799 V
392 3805 434 3855 80.
456 3802 505 3850 Μ,
526 3793 668 3866 κράτιστον
685 3794 732 3850 οὖν
748 3801 800 3863 νῷν
821 3798 975 3847 caedualla.
1011 3798 1073 3851 All.
1093 3796 1161 3848 ἀλλὰ
1180 3794 1279 3850 σκόπει.

333 3864 338 3871 ⁵
393 3890 436 3940 81.
456 3884 526 3941 ὅπως
545 3884 576 3933 ἄν
595 3882 783 3951 ἀποθάνοιμεν
802 3878 994 3946 ἀνδρικώτατα.

393 3975 435 4025 82.
457 3973 506 4023 ΝῙ.
529 3971 585 4028 πῶς
604 3965 670 4034 δῆτα
689 3970 746 4036 ade
764 3966 854 4034 γένοιτ’
874 3966 908 4019 dr
926 3965 1127 4035 ἅνδρικώιιιτιι,·

393 4056 435 4112 83.
456 4058 591 4124 βέλτιστον
610 4056 681 4125 ἡμῖν,
700 4057 764 4124 αἷμα
782 4052 905 4124 ταύρειον
923 4061 999 4105 arete·

393 4146 435 4197 84.
456 4141 471 4195 ὅ
495 4144 698 4211 &spectauimus
715 4142 767 4213 γὰρ
786 4139 905 4199 θάνατος
923 4139 1103 4214 αἱρετώτερος.
