3182 4906
486 1191 1061 1304 redundarunt.

106 1582 111 1591 ¹
299 1502 378 1568 Cum
400 1502 521 1569 abhinc
549 1504 689 1587 amplius
711 1525 796 1569 anno
811 1509 1025 1589 praeceptore
1041 1502 1183 1586 quodam
1204 1521 1338 1567 suasore

95 1663 96 1688 1
212 1628 247 1687 et
276 1622 452 1705 impulsore
481 1644 689 1708 quaererem,
722 1622 840 1707 quibus
870 1622 1057 1688 auctoribus
1086 1621 1281 1688 Plutarchus
1303 1620 1339 1686 in

95 1727 104 1806 s·
212 1740 311 1807 rebus
358 1741 513 1807 Aristidis
561 1748 594 1808 et
631 1742 860 1809 Themistoclis
905 1741 1098 1809 enarrandis
1135 1763 1213 1806 usus
1252 1746 1338 1806 esset

212 1880 425 1947 permagnam
454 1862 541 1926 vitae
569 1863 738 1945 utriusque
766 1868 897 1946 partem
923 1862 973 1928 ita
991 1879 1093 1945 prope
1116 1861 1157 1925 ad
1179 1858 1339 1926 Herodoti

97 2008 121 2026 -·
213 1981 434 2047 narrationem
457 1980 611 2047 accedere
632 1980 787 2084 intellexi,
809 1986 847 2045 ut
867 1980 1064 2052 Plutarchus
1085 1980 1155 2062 ipse
1177 2000 1217 2043 ex
1238 1979 1339 2043 Hero-

75 2107 120 2162 ἐι·
214 2098 285 2165 doti
313 2098 406 2165 libris
442 2101 606 2182 permulta
634 2100 808 2183 sumpsisse
847 2100 1022 2166 videretur.
1072 2099 1175 2182 Atqui
1208 2097 1339 2163 libellus

110 2272 116 2297 ,
214 2224 328 2300 exstat,
351 2220 409 2301 qui
430 2218 623 2284 inscribitur
636 2219 726 2309 Περὶ
749 2215 808 2297 τῆς
828 2214 1012 2303 Ἡροδότου
1032 2212 1264 2296 κακοηθείας,·
1287 2238 1339 2282 cu-

106 2358 124 2423 3·
214 2336 266 2401 ius
289 2342 454 2403 auctorem
475 2336 685 2403 Plutarchum
707 2336 807 2402 fuisse
830 2338 924 2403 alteri
946 2337 1066 2421 dicunt,
1090 2337 1186 2401 alteri
1208 2341 1339 2420 negant.

125 2529 135 2546 .,
214 2455 331 2538 Itaque
360 2477 462 2539 nuno,
485 2458 678 2540 priusquam
707 2455 749 2520 ad
771 2458 856 2523 vitas
885 2455 975 2540 ipsas
996 2456 1233 2539 transgrediar,
1256 2453 1341 2518 hano

135 2607 136 2614 κ
217 2575 458 2657 quaestionem,
487 2596 571 2658 quae
593 2580 643 2640 est
665 2575 705 2640 de
727 2575 824 2640 huius
846 2573 950 2638 libelli
972 2580 1121 2658 auctore,
1145 2575 1253 2658 capite
1275 2556 1343 2657 pri?

217 2712 272 2757 ore
295 2716 355 2778 pro
377 2695 457 2759 meis
481 2681 787 2778 quantulaecunque
810 2700 887 2759 sunt
907 2691 1030 2759 viribus
1054 2692 1096 2757 ad
1117 2691 1215 2757 finem
1241 2711 1341 2775 quen·

135 2801 152 2894 j.
216 2811 290 2877 dam
313 2813 489 2897 perducere
513 2814 659 2880 studebo.
692 2814 802 2898 Capite
817 2820 927 2880 autem
943 2815 1047 2880 altero
1071 2833 1110 2877 ea
1134 2812 1284 2897 inprimis
1307 2812 1341 2876 in

217 2932 442 3014 quaestionem
470 2933 610 3018 vocabo,
650 2954 734 3016 quae
770 2933 967 2998 Plutarchus
1003 2934 1038 2997 in
1066 2932 1141 2996 vitis
1171 2930 1211 2995 de
1246 2928 1368 3021 bellis·

136 3046 154 3145 ⁵.
216 3050 355 3115 Persicis
387 3053 539 3127 tradidit3
568 3074 645 3117 nam
667 3052 707 3116 de
726 3053 861 3135 reliquis
885 3073 996 3116 earum
1017 3050 1168 3136 partibus
1191 3050 1234 3115 ad
1255 3068 1340 3112 cer·

137 3147 139 3198 2
216 3174 302 3234 tum
324 3169 479 3235 iudicium
499 3172 668 3255 pervenire
690 3173 744 3236 vix
766 3192 946 3256 possumus.
