3182 4906
697 398 905 471 mlo...

241 578 326 643 cium
355 574 449 643 fecit:
478 575 539 664 (De
570 577 689 642 Herod.
712 577 844 661 malign.
867 576 926 657 43,
954 574 989 655 5)
1013 573 1180 667 γραφικός
1199 578 1251 667 [d]
1278 577 1363 663 ἀνὴρ
1468 626 1472 637 .

240 681 296 744 καὶ
326 677 408 756 ήδύς
436 677 454 744 ὁ
478 678 577 763 λόγος
606 679 663 742 καὶ
689 677 787 765 χάρις
811 676 924 744 ’ἑπιστι
947 686 1006 740 καὶ
1029 674 1182 758 δεινότης
1209 684 1267 744 καὶ
1296 676 1365 766 ὥρα

242 784 313 856 τοῖς
334 780 528 866 διηγήμασι·

446 882 576 948 Μῦθον
598 881 627 945 δ’
649 880 691 958 ὥς
714 877 762 947 ὅτ’
784 881 915 962 οἶοιδὸς,
938 880 1163 965 ἐπισταμένως

241 986 303 1069 μὲν
329 981 387 1060 οὔ,
419 986 557 1071 λιγυρῶς
586 987 620 1051 δὲ
651 986 709 1048 καὶ
739 985 919 1070 γλαφυρῶς
947 981 1138 1068 ἠγόρευκεν.
1162 983 1211 1070 (6)
1239 979 1365 1069 Ἀμέλει

242 1087 349 1150 ταῦτα
381 1087 439 1150 καὶ
464 1087 563 1165 κηλεῖ
589 1087 647 1149 καὶ
678 1079 885 1170 προσάγεται
916 1084 1057 1162 πάντας·
1086 1083 1161 1149 ἀλλ’
1191 1081 1301 1172 ὥσπερ
1332 1088 1366 1153 ἐν

241 1184 354 1277 ῥόδοις
384 1191 438 1254 δεῖ
465 1188 663 1274 κανθαρίδα
695 1186 939 1274 φνλάττεσθαι
971 1186 1030 1266 τήν
1057 1187 1275 1274 βλασηημίαν
1306 1190 1367 1253 καὶ

245 1276 474 1371 κακολογίαν,
514 1286 610 1364 λιὶοις
642 1291 700 1353 καὶ
738 1289 884 1366 ἁπαλοῖς
921 1289 1087 1377 σχήμασιν
1111 1287 1367 1356 δποδιδυκυῐαν
1455 1288 1458 1291 ’

128 1416 133 1423 ·
245 1389 319 1470 xri„
342 1393 370 1457 is
392 1392 600 1458 hauddubie
629 1391 738 1475 potius
760 1392 866 1456 verbis
894 1389 966 1457 ἔστι
988 1392 1054 1478 γαρ
1077 1394 1137 1456 καὶ
1160 1396 1229 1469 τοῖς
1251 1390 1365 1459 α’νιῶσι

243 1492 283 1556 τδ
305 1491 385 1578 μεθ’
410 1491 533 1574 ἡδονῆς
555 1518 641 1569 τινος
663 1491 857 1560 ἀκούεσθαι
878 1495 1035 1561 Herodoti
1061 1502 1168 1561 Musas
1197 1503 1365 1580 tamquam

144 1612 148 1617 '
244 1598 427 1681 exemplum
448 1598 683 1683 adscripsisset.

329 1701 418 1780 Quae
441 1701 550 1766 omnia
571 1700 600 1765 si
621 1705 709 1763 recte
724 1720 761 1763 ac
779 1701 893 1766 merito
911 1701 1153 1786 disputavimus,
1173 1699 1367 1786 Lahmeyeri

244 1804 410 1869 sententia
437 1804 568 1868 corruit.
612 1801 707 1866 Nunc
728 1821 804 1866 vero
834 1802 877 1867 ad
898 1802 1142 1885 Wytteubachii
1173 1804 1369 1868 sententiam

245 1906 339 1972 nobis
361 1904 563 1970 redeundum
585 1910 654 1989 est,
682 1924 781 1986 quarn
809 1905 876 1968 iam
903 1924 1003 1986 supra
1030 1904 1368 1987 commemoravimus3

246 2007 337 2094 apud
357 2007 444 2071 hunc
467 2008 553 2073 enim
574 2006 656 2070 haec
678 2011 756 2071 sunt
765 2001 822 2094 4⁶):
851 2005 1017 2073 rhetorica
1040 2003 1192 2071 videntur
1214 2027 1234 2070 a
1254 2008 1370 2072 iuvene

245 2110 419 2176 Plutarcho
451 2113 597 2176 tractata
632 2130 717 2173 esse:
755 2108 911 2173 iuveniles
947 2109 1027 2173 item
1063 2115 1138 2173 sunt
1174 2108 1369 2193 scriptiones

247 2212 433 2278 Consolatio
457 2210 499 2275 ad
522 2211 728 2294 Apollonium
752 2217 785 2275 et
806 2209 1027 2296 Reprehensio
1042 2209 1233 2275 Herodoti.“
1255 2209 1369 2294 Neque

246 2335 443 2401 magnopere
473 2315 590 2398 miror,
620 2313 648 2377 si
677 2314 729 2377 cui
757 2311 837 2396 quid
867 2310 1157 2378 commendationis
1187 2308 1308 2378 habere
1330 2335 1370 2378 ea
1432 2317 1435 2321 ’

246 2417 432 2492 uideantur3
460 2416 601 2500 primum
624 2415 709 2479 enim
732 2415 881 2480 iuvenilis
904 2415 1006 2498 ipsius
1029 2417 1144 2480 aetatis
1165 2416 1371 2482 vehementia

247 2524 280 2584 et
302 2516 554 2602 intemperantia
577 2519 654 2582 sunt
676 2524 709 2581 et
722 2517 913 2602 posterioris
933 2522 1033 2600 atque
1048 2516 1235 2607 maturioris
1252 2519 1370 2584 aetatis

245 2620 408 2705 ‘gravitate
430 2620 590 2703 supprimi
612 2619 730 2704 solent,
752 2624 821 2683 tum
844 2640 920 2683 uero
941 2617 1089 2703 plerique
1112 2619 1198 2703 libri,
1221 2619 1278 2703 qui
1300 2621 1370 2703 qui·

249 2722 323 2788 dem
353 2721 453 2787 etiam
482 2742 568 2785 nunc
598 2727 729 2804 extant,
759 2723 813 2786 vix
839 2721 974 2786 iuvenili
1002 2727 1112 2788 aetate
1143 2742 1163 2786 a
1191 2722 1369 2787 Plutarcho

249 2825 425 2909 conscripti
446 2829 523 2888 sunt
535 2825 586 2908 ⁴⁷),
608 2828 645 2892 ut
666 2822 842 2889 difficultas
862 2824 949 2888 illius
970 2825 1141 2908 permagni
1165 2826 1369 2911 discriminis,

250 2926 338 3010 quod
357 2926 445 2990 inter
467 2924 554 2990 hunc
576 2924 720 2990 libellum
743 2932 777 2990 et
789 2926 947 3009 genuinos
961 2926 1129 2992 Plutarchi
1150 2926 1249 2992 libros
1270 2929 1369 2993 inter-

183 3026 185 3029 ’
249 3029 362 3093 cedere
387 3027 696 3113 demonstravimus,
727 3028 821 3092 facile
845 3028 1033 3113 tolleretur,
1056 3029 1084 3092 si
1105 3027 1167 3091 viri
1189 3028 1278 3095 docti
1300 3051 1370 3095 sen·

249 3134 387 3198 tentiam
409 3130 689 3214 amplecteremur.

335 3233 379 3298 At
409 3237 520 3297 tamen
542 3232 792 3318 Wyttenbachio
816 3232 863 3297 ob
892 3233 927 3297 id
948 3233 1153 3316 potissimum
1176 3233 1372 3317 adstipulari

250 3336 375 3420 dubito,
391 3336 480 3418 quod
502 3335 677 3417 nullum,
701 3341 860 3417 quantum
880 3336 1031 3417 equidem
1045 3335 1122 3420 scio,
1144 3336 1250 3401 talis
1273 3335 1373 3400 animi

318 3572 363 3644 46)
387 3573 530 3652 Animadv,
557 3573 584 3626 in
608 3572 679 3625 Plut.
704 3572 734 3637 I,
760 3577 802 3628 60.
828 3604 861 3612 -
885 3573 930 3642 47)
949 3572 989 3626 Cf.
1010 3572 1172 3627 Volkmann.
1197 3571 1216 3626 l.
1242 3571 1260 3626 l.
1286 3590 1313 3643 p.
1339 3574 1372 3628 78

253 3658 470 3727 „Nachweislich
494 3658 576 3712 fallen
596 3658 697 3728 jedoch
720 3657 764 3711 die
790 3658 902 3713 meisten
920 3658 1052 3713 Schriften
1070 3659 1099 3711 in
1115 3658 1255 3712 Plutarcho
1278 3658 1372 3712 reifere

252 3745 411 3800 Lebenszeit
428 3744 482 3797 und
500 3745 560 3798 sind
578 3744 646 3797 nach
659 3743 798 3797 Domitian
811 3745 1017 3814 geschrieben.“
1042 3744 1165 3809 Orbanus
1178 3745 1373 3811 (Litterarisch

252 3829 520 3885 historische-Skizze
539 3831 605 3883 iiber
622 3830 758 3884 Plutarch‘
778 3848 868 3900 progr.
888 3829 1054 3899 Schleusing.
1077 3833 1152 3897 1849,
1171 3847 1231 3901 pag.
1250 3829 1278 3900 9)
1303 3848 1373 3884 com-

253 3919 407 3987 putatione,
429 3934 497 3986 quae
515 3934 541 3969 u.
562 3915 651 3970 Sullae
670 3933 728 3986 cap.
748 3920 779 3970 21
798 3916 886 3970 verbis
904 3915 1029 3970 extremis
1046 3924 1182 3986 tamquam
1200 3916 1373 3970 fundamento
1452 3964 1454 3967 .

253 4009 431 4073 superstructa
448 4011 502 4065 est,
523 4001 591 4055 vitas
609 4001 717 4073 quidem
736 4020 752 4056 a
768 4001 911 4056 Plutarcho
929 4001 1000 4056 cirea
1017 4019 1042 4056 a.
1063 4004 1111 4056 115
1129 4019 1155 4074 p.
1175 4001 1238 4056 Chr.
1259 4020 1285 4057 n.
1305 4018 1375 4081 ccm-¹

254 4089 352 4161 positas
371 4105 428 4142 esse
446 4089 586 4143 ostendere
604 4089 700 4143 studet.

1186 4176 1203 4228 2
1210 4174 1221 4200 1
