3182 4906
682 480 892 587 'ms'

224 651 336 712 noster
359 645 444 711 enim
466 646 550 712 liber
572 670 611 712 ex
634 669 745 715 eorum
767 671 902 716 numero
925 659 985 738 est,
1008 654 1064 734 qui
1086 654 1298 737 paucissimos
1308 655 1347 734 ⁵²)

224 749 334 814 hiatus
364 751 556 815 contineant
584 753 697 835 itaque
725 756 906 837 posteriore
933 754 1061 820 demum
1090 761 1199 822 aetate
1227 777 1247 819 a
1274 756 1349 822 Plu-

224 852 339 917 tarcho
362 853 529 935 compositi
554 874 623 917 esse
646 855 826 927 videantur.

310 955 398 1031 Quae
417 955 526 1019 omnia
540 977 612 1020 cum
634 957 679 1022 ita
701 958 778 1041 sint,
800 957 933 1023 Baehrii
956 980 1087 1026 causam
1109 979 1176 1024 non
1190 957 1347 1042 deseram,

174 1090 176 1093 ·
224 1059 321 1123 immo
353 1055 440 1123 huuc
468 1056 616 1123 libellum
644 1081 664 1122 a
692 1059 869 1125 Plutarcho
899 1061 1152 1127 abiudicandum
1182 1082 1251 1126 esse
1277 1081 1347 1144 per·
1430 1139 1434 1147 .

225 1181 357 1226 suasum
385 1158 509 1242 habeo3
539 1161 612 1243 quis
635 1182 710 1227 vero
739 1162 808 1227 eins
832 1170 941 1228 auctor
964 1164 1071 1248 fuerit,
1095 1166 1264 1248 explorare
1286 1164 1349 1229 hoo

225 1262 357 1346 quidem
380 1262 450 1327 loco
474 1263 597 1329 omitto.
888 1252 890 1257 ’

308 1366 458 1447 Denique
481 1373 705 1449 argumentum
727 1372 841 1450 restat,
865 1368 953 1450 quod
975 1367 1050 1433 huic
1073 1369 1136 1452 ipsi
1158 1367 1228 1432 loco
1246 1388 1348 1432 reser-

226 1468 317 1552 vari,
355 1489 418 1551 quo
449 1467 576 1531 facilius
606 1489 692 1532 nunc
721 1469 763 1532 ad
792 1470 931 1534 alterum
961 1477 1061 1555 caput
1089 1470 1249 1534 transitus
1281 1468 1348 1533 fiat.

225 1569 372 1654 Scriptor
398 1570 484 1634 enim
512 1568 631 1654 libelli,
659 1572 716 1652 qui
745 1572 821 1656 περὶ
847 1574 905 1649 τῆς
931 1568 1115 1656 Ἡροδότου
1138 1569 1349 1647 κακοηθείας

224 1670 412 1753 incribitnr‚
440 1672 474 1735 in
496 1671 594 1735 rebus
617 1672 772 1738 Aristidis
794 1679 828 1737 et
850 1672 1080 1738 Themistoclis
1101 1673 1274 1738 narrandis
1295 1675 1349 1738 vix

224 1772 389 1838 Herodoto
411 1773 587 1858 praecipue
610 1779 740 1839 auctore
761 1798 839 1840 usus
861 1780 1006 1861 esserum
1030 1777 1123 1857 atqui
1137 1773 1349 1840 Plutarchum

225 1876 259 1940 in
279 1876 352 1941 ritis
374 1875 504 1940 illorum
527 1875 704 1942 scribendis
727 1879 831 1942 multa
852 1899 891 1942 ex
908 1878 1065 1945 Herodoti
1079 1876 1172 1941 libris
1188 1879 1257 1941 sine
1280 1877 1349 1942 ulla

225 1978 294 2041 eius
318 1976 570 2063 obtrectatione,
595 1980 664 2043 sine
686 1982 753 2046 ulla
776 1981 1002 2044 criminatione
1025 1979 1262 2063 deprompsisse
1285 1980 1350 2044 iarn

224 2078 384 2145 Baehrius
395 2080 436 2165 ὃ4)
455 2082 632 2146 contendit.
656 2082 791 2158 Quodsi
809 2084 911 2146 evinci
923 2086 1043 2167 potest,
1058 2082 1119 2145 hoc
1135 2102 1264 2164 quoqne
1279 2102 1350 2146 sen·
1382 2166 1387 2173 .

225 2183 345 2247 tentiae
367 2188 500 2246 nostrae
522 2183 645 2248 auxilio
667 2185 763 2249 venit.
800 2185 917 2267 Itaque
939 2203 1025 2249 nunc
1038 2184 1081 2248 ad
1097 2184 1179 2248 vitas
1195 2183 1349 2263 Aristidis

225 2288 258 2348 et
288 2283 514 2348 Themistoclis
549 2285 739 2350 accedamus
775 2287 982 2370 primumque
1011 2272 1225 2369 quaeramus,
1264 2308 1348 2368 quae

225 2387 309 2451 ratio
331 2386 483 2450 inbellis
506 2386 643 2451 Persicis
665 2389 844 2463 narrandis¹
859 2390 941 2454 inter
962 2386 1171 2452 Plutarchum
1194 2392 1227 2450 et
1248 2387 1348 2453 Hero-

225 2487 335 2553 dotum
357 2489 547 2553 intercedat.
578 2489 772 2570 Priusquam
795 2490 1001 2554 anternhanc
1015 2488 1240 2571 quaestionem
1256 2490 1349 2554 insti·

224 2596 329 2672 tuam,
359 2609 465 2674 pauca
494 2592 533 2655 de
562 2593 763 2675 negligentia
791 2593 843 2656 rel
872 2591 998 2655 incuria
1028 2589 1172 2674 praefari
1207 2590 1348 2673 expedit,

227 2715 292 2775 qua
314 2692 489 2776 scriptores
505 2693 701 2757 Plutarchus
724 2693 935 2777 exscribebat,
958 2693 1021 2758 nisi
1044 2714 1099 2757 eos
1121 2691 1266 2757 refutare
1288 2693 1349 2757 sibi

225 2800 460 2879 proposuerat3
483 2815 558 2859 nam
580 2795 619 2858 cf.
641 2795 714 2860 Non
736 2817 833 2880 posse
856 2796 998 2859 suaviter
1012 2796 1075 2859 rivi
1092 2816 1152 2859 sec.
1170 2795 1260 2878 Epic.
1279 2816 1348 2878 cap.

226 2898 242 2959 1
273 2895 325 2959 δεῖ
354 2901 432 2971 τούς
462 2895 580 2981 λόγους
610 2891 756 2962 ἕκαστον
786 2889 829 2960 ὧν
856 2896 981 2981 ἐλέγχει
1011 2899 1069 2960 καὶ
1096 2896 1139 2960 τοὶ
1162 2893 1347 2981 γράμματα

223 2999 270 3082 με)
294 2988 465 3084 παρέργως
488 2998 649 3064 διελθεῖν.

294 3242 337 3303 52)
357 3237 398 3292 cf.
418 3237 571 3292 Benselerl
598 3239 615 3291 l.
636 3256 700 3309 pag.
719 3242 783 3303 4163
804 3239 869 3292 haec
887 3244 928 3291 est
945 3238 1031 3308 prima
1047 3234 1184 3289 Benseleri
1202 3235 1300 3300 classis,
1319 3235 1348 3288 in

225 3341 278 3394 qna
296 3331 323 3377 et
340 3324 411 3377 vitae
429 3324 607 3377 numerandae
625 3333 688 3377 sunt
705 3332 732 3377 et
747 3323 825 3390 liber,
845 3324 891 3396 qni
909 3322 1060 3377 inscribitur
1072 3321 1129 3373 Ὅτι
1149 3320 1209 3373 οὐδὲ
1230 3323 1274 3385 ζῇν
1291 3329 1348 3374 ἐστι

224 3410 306 3474 ἡδέως
323 3409 377 3461 κον)
393 3408 549 3478 Ἐπίκουρον
567 3410 610 3475 (cf.
631 3427 691 3480 pag.
712 3414 772 3474 546)

293 3496 337 3566 53)
355 3496 514 3550 Praesertim
537 3514 597 3550 cum
621 3513 677 3565 cap.
702 3499 750 3560 34,
771 3495 786 3550 7
804 3496 871 3548 haec
889 3494 1027 3548 exhibeat:
1056 3494 1111 3543 εἶτα
1129 3491 1257 3546 πιστεύειν
1275 3493 1347 3551 ἄξιον

225 3578 307 3648 τούτῳ
327 3578 456 3650 γράφοντι
474 3582 533 3652 περὶ
550 3582 647 3652 ἀνδρὸς
664 3583 711 3652 (sc.
728 3579 878 3650 Ἡροδότῳ)
899 3582 913 3645 ἢ
932 3579 1030 3639 πόλεως
1046 3582 1116 3648 μιᾶς,
1136 3579 1164 3638 ὃς
1189 3582 1225 3630 aa
1249 3576 1347 3648 ῥήματι

224 3667 256 3718 τὸ
274 3674 369 3736 νίκημα
388 3669 435 3733 τῆς
450 3668 577 3728 Ἑλλάδος
599 3670 751 3738 ἀφαιρεῖται
770 3671 811 3719 καλ
829 3671 859 3722 τὸ
878 3666 1005 3736 τρόπαιον
1023 3673 1149 3736 καθαιρεῖ
1167 3666 1273 3724 καὶτὰς
1291 3672 1347 3719 ἐπι-

224 3758 340 3822 γραφὰς,
362 3753 379 3805 ἅ
398 3755 499 3823 ἔθεντο,
518 3756 588 3825 παρὰ
606 3758 638 3826 τῇ
653 3757 782 3825 Ἀρτίμιδι
799 3759 830 3828 τῇ
852 3753 1008 3827 Προσ[ηῳ’ᾳ]
1026 3752 1126 3823 κόμπον
1145 3755 1285 3821 ἀποφαίνει
1303 3754 1345 3804 καὶ

226 3841 393 3912 ἀλαζονείαις
415 3873 448 3882 -
466 3847 509 3908 54)
529 3843 569 3897 Cf.
589 3843 692 3897 Herod.
712 3842 777 3896 edit.
797 3842 906 3897 alterius
922 3841 975 3897 vol.
995 3842 1041 3897 lv.
1061 3859 1124 3913 pag.
1143 3844 1202 3895 481.

685 4000 889 4010 -.-...-.---
