3182 4906
692 468 891 535 ...[3...

225 638 314 706 haud
336 637 460 708 frustra
483 639 683 729 impugnavit
705 645 804 723 atque
826 641 860 704 in
882 640 973 706 libris
994 639 1073 706 XIII
1093 647 1127 706 et
1149 640 1224 708 XIV
1243 663 1349 728 pauca

119 822 124 833 .
227 745 430 827 Theopompi
445 744 584 826 vestigia
608 749 736 807 exstare
752 765 810 808 nos
828 744 939 808 docuit
949 746 1004 824 ³2);
1022 766 1081 807 nec
1092 766 1167 810 uero
1182 738 1355 830 quisquam

228 853 294 932 est,
331 849 389 930 qui
425 869 478 911 res
510 870 531 912 a
560 846 692 911 Graecis
722 853 837 909 contra
866 845 982 911 Persas
1013 852 1121 930 gestas
1149 856 1355 914 enarrantem

227 950 407 1014 Diodorum
432 950 473 1013 ad
500 949 745 1032 Theopompum
775 954 937 1013 auctorem
960 970 994 1013 se
1017 950 1197 1034 applicasse
1220 958 1353 1016 statuat.

228 1052 313 1119 Nam
343 1052 468 1118 obstat,
491 1072 562 1115 cum
593 1050 679 1115 ratio
706 1089 744 1099 »-
767 1051 842 1115 illas
873 1050 1003 1133 quidem
1033 1051 1155 1117 referre
1190 1052 1224 1117 in
1253 1052 1355 1117 Theo-

115 1144 123 1161 ’
232 1155 343 1237 pompi
377 1154 575 1237 provinciam
608 1176 672 1218 non
705 1153 822 1217 cecidit
853 1191 903 1236 —-‚
935 1158 1003 1217 tum
1041 1153 1258 1236 fragmentum
1295 1157 1354 1220 167

231 1255 336 1344 (Mun.
367 1256 444 1320 hist.
477 1276 520 1339 gr.
551 1255 664 1339 fragm.
687 1255 712 1339 I,
736 1257 812 1341 306)
843 1278 863 1322 a
891 1254 1022 1319 Theona
1051 1255 1145 1339 Prog.
1174 1258 1291 1341 Tpag.
1317 1258 1355 1321 17

233 1380 298 1441 seq.
331 1364 513 1440 servatum,
543 1359 696 1440 quoniam
719 1357 780 1421 hoo
809 1358 880 1421 loco
902 1357 985 1422 illud
1006 1357 1230 1423 iusiurandum
1257 1361 1358 1442 (quod
1403 1433 1410 1438 ,

229 1461 396 1527 Diodorus
419 1460 475 1541 XI,
494 1461 539 1527 29
562 1458 702 1525 Graecos
723 1459 924 1543 praestitisse
941 1467 1065 1540 narrat]
1088 1460 1184 1526 futile
1199 1483 1357 1527 commen-

232 1564 502 1646 ticiumqueesse
526 1561 753 1646 Theopompus
777 1561 929 1626 affirmat.
967 1562 1115 1645 Apparet
1137 1562 1238 1646 igitur
1260 1566 1357 1628 etiam
1418 1638 1420 1645 s

232 1687 281 1750 ea,
305 1686 390 1750 quae
413 1664 581 1730 occasione
604 1664 715 1729 oblata
737 1664 965 1747 Theopompus
990 1664 1029 1728 de
1052 1665 1117 1730 illis
1140 1665 1237 1730 rebus
1264 1665 1357 1730 libris

234 1769 300 1833 suis
316 1768 518 1851 inseruisset,
542 1764 720 1831 aDiodoro
736 1766 887 1848 neglecta
909 1787 987 1831 esse.
1020 1765 1084 1829 Vix
1106 1773 1216 1833 autem
1239 1789 1358 1851 operae

233 1870 375 1955 pretium
404 1869 474 1934 lore
502 1870 631 1934 videtur
663 1869 702 1933 de
731 1867 816 1942 libro
845 1870 890 1933 XI
921 1871 1142 1951 quaestionem
1175 1870 1281 1933 denuo
1310 1871 1357 1934 in-

235 1973 388 2055 stituere,
419 1973 497 2055 quia
527 1992 611 2036 nova
632 1976 824 2054 argumenta
845 1992 910 2035 non
933 1973 968 2036 in
990 1977 1145 2055 promptu
1167 1970 1289 2055 habeo,
1317 1970 1358 2035 ad

235 2076 478 2157 persuasionem
507 2080 617 2140 autem
638 2075 689 2138 vel
711 2093 750 2136 ea
757 2125 766 2156 ,
790 2093 874 2154 quae
897 2072 1002 2138 Cauer
1024 2080 1060 2138 et'
1080 2073 1358 2157 Volquardsenius

234 2178 431 2261 attulerunt,
468 2176 618 2259 apposita
648 2196 717 2240 esse
745 2175 827 2238 mihi
839 2179 877 2255 ³³)
906 2174 1064 2238 videntur.
1110 2175 1227 2239 Omnia
1248 2176 1359 2260 igitur,
1473 2194 1477 2201 ·

238 2298 320 2360 quae
352 2278 536 2343 aDiodoro
567 2278 717 2342 similiter
747 2284 843 2363 atque
866 2300 886 2343 a
909 2276 1085 2341 Plutarcho
1113 2276 1230 2342 referri
1259 2300 1360 2362 supra

236 2381 419 2464 docuimus,
443 2381 485 2444 ad
508 2379 675 2463 Ephorum
697 2378 852 2462 redeunt,
882 2379 946 2443 nisi
968 2379 1079 2444 iudicii
1103 2380 1244 2445 sanitate
1267 2380 1360 2445 desti·

237 2483 299 2548 tuti
327 2482 457 2547 illorum
479 2483 621 2547 uirorum
655 2482 823 2544 doctorum
854 2482 1048 2545 sententiam
1071 2501 1294 2563 aspernamur.
1319 2520 1358 2529 —

321 2601 359 2665 In
384 2601 528 2666 fontibus
552 2599 685 2684 Pompei
704 2599 802 2682 Trogi
818 2599 1012 2682 indagandis
1030 2607 1096 2664 tum
1111 2599 1175 2664 huc
1194 2608 1263 2664 tum
1282 2599 1360 2664 illuc

236 2703 297 2767 viri
320 2703 408 2768 docti
432 2705 495 2769 acti
521 2708 614 2783 sunt;
646 2723 719 2766 nam
742 2701 972 2781 Haerenius34)
996 2701 1076 2766 haec
1097 2703 1160 2766 sibi
1182 2701 1360 2786 persuasit:

235 2804 295 2888 „ln
318 2804 566 2869 Atheniensium
595 2825 699 2886 usque
722 2803 764 2870 ad
786 2803 1065 2868 Pisistratidarum
1088 2804 1198 2887 sugam
1221 2805 1361 2870 historia
1444 2858 1449 2867 .

235 2907 288 2970 vix
318 2906 431 2988 aliqud
458 2908 618 2989 reperies,
647 2906 735 2987 quod
766 2905 806 2970 ab
839 2907 975 2970 aliorum
1003 2906 1189 2970 narratione
1216 2906 1358 2986 recedat,

234 3008 320 3072 unde
355 3009 395 3072 iis
426 3008 548 3073 diutius
583 3008 749 3072 immorari
780 3028 843 3071 non
872 3028 990 3089 operae
1020 3007 1161 3091 pretium
1191 3008 1294 3076 foret:
1325 3006 1359 3069 in

235 3109 372 3174 Persicis
402 3116 510 3174 antem
540 3109 801 3194 expeditionibus
810 3159 819 3190 ,
850 3111 1038 3190 scriptorem
1062 3116 1210 3173 nostrum
1232 3108 1361 3172 Hero-

236 3212 378 3276 dotum
401 3217 565 3277 tantum
587 3233 665 3276 non
689 3213 730 3275 in
754 3211 942 3275 omnihus
966 3217 1154 3274 secutum
1178 3229 1268 3274 esse
1291 3231 1360 3291 ap-

235 3313 388 3398 paret“.
434 3312 555 3377 Contra
578 3313 714 3378 Creuzer
741 3315 775 3377 in
797 3312 922 3396 Ephori
951 3312 1144 3395 fragmentis
1168 3334 1187 3375 a
1210 3312 1251 3375 M.
1275 3311 1360 3376 Mar-

234 3416 289 3479 xio
319 3436 347 3478 a.
382 3415 462 3479 1815
492 3415 704 3502 editistpag.
734 3414 794 3495 IX)
830 3417 916 3481 huno
941 3416 975 3478 in
1003 3414 1134 3479 modum
1164 3412 1360 3495 disputavit:

234 3606 439 3614 ..ο-*-

304 3707 347 3767 32)
367 3703 408 3757 cf.
429 3703 633 3758 Stedefeldtium
652 3705 705 3769 (lle
724 3682 855 3773 llysandri
876 3702 1031 3757 Plutarchei
1048 3701 1164 3754 fontibus
1181 3666 1263 3765 Ι1867,
1284 3717 1309 3770 p.
1330 3703 1363 3753 29

238 3805 265 3840 se
306 3792 333 3852 .).

267 3806 349 3953 qq33)
368 3890 494 3943 Wolffius
512 3891 577 3944 item
595 3891 806 3962 Volquardsenio
825 3908 947 3944 assensus
966 3896 1005 3941 est
1023 3888 1095 3958 (pag.
1117 3892 1169 3952 10).

304 3995 348 4056 34)
367 3992 516 4046 Commeat.
537 3994 570 4046 de
584 3992 666 4062 Trogi
682 3993 793 4063 Pompei
812 3993 920 4063 eiusque
939 3990 1122 4061 epitomatoris
1136 3990 1231 4045 Iustini
1246 3989 1363 4042 fontibus

240 4082 290 4131 etc.
311 4076 338 4129 in
356 4086 470 4132 comant.
490 4096 543 4132 soc.
564 4078 684 4149 Gotting‚
705 4078 765 4144 XV,
785 4096 811 4148 p.
831 4081 881 4132 234
898 4094 971 4147 seqq.
