3182 4906
699 524 737 536 ,
781 460 907 551 ql·-

236 659 328 745 „Iam
354 659 445 743 legas
473 658 554 725 mihi
583 660 694 744 velim,
725 680 808 743 quae
838 681 877 724 ex
906 664 1047 741 utroque
1069 658 1242 746 genere35)
1273 657 1362 744 apud

237 763 398 828 Iustinum
415 764 621 845 exhibentur,
636 762 724 827 haud
745 763 839 827 dubie
854 785 875 828 a
892 760 1102 844 Theopompo
1116 761 1227 826 ducta:
1252 769 1361 846 (quem

237 865 369 948 quidem
398 866 431 930 in
465 886 521 928 sex
550 863 714 948 prioribus
744 864 838 931 libris
868 869 1071 946 expresserat
1099 863 1241 947 Trogus,
1274 865 1361 929 hunc

236 968 315 1031 item
346 969 414 1031 eius
444 966 608 1031 breviator
641 966 802 1051 lustinus)
839 967 941 1030 veluti
978 967 1144 1047 copiosum
1181 967 1286 1030 locum
1321 967 1378 1031 de.

236 1070 352 1152 priscis
381 1069 517 1134 Athenis
549 1071 631 1133 etc.“
675 1068 757 1134 Tum
786 1067 1054 1152 Wolffgartenius
1068 1071 1106 1148 36)
1130 1069 1272 1152 exstitit,
1306 1069 1362 1151 qui

235 1189 308 1252 pag.
339 1172 380 1234 43
410 1170 491 1234 haec
513 1170 613 1238 verba
636 1170 782 1235 exhibet:
811 1172 933 1255 „etiam
957 1171 1063 1252 Trogo
1097 1172 1130 1234 in
1161 1173 1361 1254 exponendis
1467 1162 1472 1171 ’

235 1271 330 1336 bellis
360 1272 494 1336 Medicis
523 1275 619 1338 unius
647 1272 774 1357 Ephori
802 1269 978 1350 Ἑλληνικά
1008 1280 1085 1337 ante
1115 1273 1225 1338 oculos
1262 1271 1361 1339 fuisse

237 1372 342 1437 lucide
359 1376 535 1458 'apparet‘t
1231 1434 1233 1438 »

320 1476 392 1541 Iam
412 1498 488 1541 xero
511 1477 625 1542 lustin.
653 1478 695 1561 Il,
720 1480 756 1542 11
783 1483 816 1542 et
833 1477 926 1542 Diod.
950 1477 1006 1561 xl,
1030 1478 1134 1542 6-12
1158 1476 1361 1543 adeundam

236 1583 401 1641 auctorem
425 1579 531 1644 redire
553 1581 822 1645 verisimillimum
845 1585 894 1643 est
918 1578 970 1658 (ol.
994 1579 1187 1661 Volquards.
1211 1578 1231 1642 l.
1248 1579 1269 1642 l.
1287 1600 1361 1662 pag.

236 1681 278 1744 30
300 1702 389 1763 seqq.
413 1688 444 1746 et
466 1682 646 1765 Wolffgart.
669 1683 690 1746 l.
714 1683 735 1745 l.
759 1704 832 1765 pag.
856 1682 895 1745 27
921 1681 1024 1767 scqq.)
1056 1703 1162 1764 neque
1183 1681 1295 1746 lustin.
1318 1681 1360 1764 ΙΙ,

240 1784 279 1846 12
303 1782 436 1848 aliunde
459 1790 623 1868 sumptum
646 1805 715 1848 esse
739 1785 778 1848 ob
802 1785 836 1848 id
858 1784 1063 1867 potissimum
1085 1783 1250 1867 existimo,
1274 1784 1362 1866 quod

237 1883 380 1949 lustinus
405 1884 428 1973 ξ
453 1888 502 1969 10,
526 1888 610 1951 sicut
631 1886 725 1951 Diod.
748 1887 804 1970 xl,
829 1887 869 1949 14
887 1885 1038 1950 imbrium
1060 1884 1258 1950 mentionem
1272 1885 1361 1970 lacit,

239 1987 277 2051 de
300 1988 418 2069 quibus
441 1989 524 2052 nihil
548 1994 597 2053 est
619 1988 706 2072 apud
721 1989 924 2053 Herodotum
946 1987 1047 2072 (Vlll,
1068 1988 1133 2067 31).
1174 1987 1266 2064 ¹Quae
1289 2009 1361 2052 cum

236 2087 284 2154 ita
306 2090 383 2172 sint,
406 2091 445 2153 de
459 2090 574 2154 lustin.
598 2091 636 2155 ll.
653 2110 745 2175 capp.
762 2092 867 2154 9-12
886 2088 1131 2172 Wolffgartenio
1148 2091 1306 2155 assentior
1321 2130 1359 2137 -

237 2191 290 2254 vix
313 2193 398 2256 enim
422 2193 499 2256 licet
521 2212 614 2275 capp.
637 2194 657 2256 9
681 2200 714 2256 et
732 2194 771 2256 10
793 2179 813 2256 a
834 2193 990 2276 proximis
1015 2191 1166 2255 divellere
1190 2231 1240 2275 -,
1262 2199 1300 2257 11
1322 2215 1362 2260 ea

238 2314 385 2376 quoque,
424 2314 507 2375 quae
543 2318 563 2360 a
592 2294 769 2361 Plutarcho
797 2293 947 2359 similiter
976 2299 1076 2376 atque
1107 2316 1127 2360 a
1153 2293 1276 2359 Iustino
1308 2294 1360 2374 (of.

237 2415 310 2480 pag.
332 2396 387 2475 34)
411 2395 597 2481 tradantur,
621 2397 665 2464 ad
687 2396 854 2480 Ephorum
876 2395 983 2460 redire
1006 2396 1155 2460 arbitrer.

319 2497 435 2563 Restat
458 2498 627 2564 Cornelius
650 2500 776 2582 Nepos,
805 2499 897 2564 cuius
920 2498 959 2562 de
982 2495 1127 2562 fontibus
1151 2497 1361 2582 disputarunt

236 2600 400 2665 Arnoldus
445 2601 613 2683 Eklrer37),
649 2602 914 2686 Wicher‘sius³⁸)‚
955 2600 1158 2680 Hiseliuslll,
1198 2598 1361 2665 Frenden-

235 2701 429 2787 bergiuse),
457 2702 673 2784 Rinckiusfl).
720 2705 789 2768 lam
817 2705 906 2787 quod
934 2703 977 2769 ad
1007 2702 1233 2768 Themistoclis
1259 2703 1361 2770 vitam

237 2804 367 2886 attinet,
391 2806 598 2869 consentiunt
623 2807 753 2888 quidem
777 2807 817 2871 de
839 2808 1017 2890 posteriore
1040 2805 1127 2870 vitae
1157 2811 1253 2889 parte
1277 2805 1361 2891 (ipse

304 3044 348 3106 3⁵)
374 3041 486 3112 W⁰lff8·
507 3042 525 3095 Ῑ·
545 3042 565 3097 l·
585 3061 646 3114 Pag-
669 3048 700 3097 10
718 3044 798 3096 adm:
825 3043 904 3113 „agit
927 3043 982 3097 illic
1006 3043 1120 3097 Creuzer
1142 3043 1176 3097 de
1194 3044 1298 3098 diversa
1321 3060 1362 3095 rs·

235 3125 307 3179 tione
325 3129 404 3180 rebus
422 3127 503 3197 gestis
521 3128 850 3199 111111111111111111111Η
1292 3124 1296 3130 ’

153 3265 156 3269 .
252 3270 263 3289 l
303 3216 347 3277 36)
365 3213 407 3266 De
426 3214 526 3283 Ephori
545 3221 572 3267 et
588 3214 704 3267 Dinonis
721 3214 836 3267 historiis
854 3213 971 3283 aTrogo
984 3214 1112 3284 Pompeio
1131 3215 1261 3285 expressis
1280 3215 1363 3280 (Bon-

236 3302 396 3362 nse1868t3
418 3316 481 3369 pag.
501 3304 531 3354 21
552 3318 624 3370 seqq.

304 3385 348 3448 37)
366 3384 432 3436 Eius
456 3384 606 3455 disquisitio
633 3385 724 3438 critica
750 3385 783 3437 de
809 3383 927 3436 fontibus
951 3393 978 3438 et
996 3385 1153 3438 auctoritate
1172 3385 1289 3439 Cornelii
1307 3384 1362 3439 Ne-

236 3469 319 3538 potis,
340 3486 408 3539 quae
427 3477 513 3523 exstat
530 3471 659 3523 Actorum
677 3487 806 3523 novorum
823 3487 877 3523 soo.
898 3470 1038 3534 aaran,
1062 3474 1111 3524 193
1128 3488 1213 3541 seqq„
1233 3469 1364 3540 plurimos

223 3555 335 3633 xfugisse
353 3554 466 3608 videtur.

305 3642 349 3705 38)
367 3640 525 3710 Disquisitio
550 3640 640 3693 critica
664 3641 697 3694 de
723 3640 840 3694 fontibus
864 3649 891 3694 et
916 3641 1072 3694 auctoritate
1100 3641 1130 3694 C.
1155 3640 1268 3711 Nepotis
1284 3639 1362 3706 (Gro-

236 3724 332 3794 ningse
352 3729 436 3789 1828).

305 3811 348 3879 39)
367 3811 454 3863 Huius
473 3810 595 3865 libellum
613 3810 685 3881 quod
702 3811 832 3882 inspicere
851 3830 904 3864 non
923 3813 1007 3882 potui,
1027 3830 1106 3882 aegre
1125 3813 1189 3865 fero.

303 3899 348 3959 40)
368 3894 545 3952 Quaestiones
569 3895 710 3950 historicae
735 3896 762 3949 in
786 3897 816 3950 C.
837 3897 871 3950 N.
892 3897 976 3961 vitcs3
1001 3906 1070 3968 part.
1090 3898 1119 3963 l,
1140 3897 1267 3950 Coloniae
1287 3900 1361 3965 1839,

236 3988 303 4050 port.
325 3981 361 4044 II,
382 3981 493 4034 Bonnae
513 3984 587 4035 1841.
1051 3978 1058 3995 ”

304 4069 348 4131 41)
367 4065 498 4119 Aemilius
523 4067 625 4120 Probus
649 4067 691 4120 De
715 4066 906 4122 excellentibus
931 4069 1043 4122 ducibus
1067 4069 1110 4122 ed.
1136 4067 1219 4121 Roth.
1248 4072 1284 4139 (p.
1305 4066 1361 4121 LV.

236 4156 322 4222 seqq.)
340 4150 462 4205 Basileae
483 4155 556 4206 1841.
764 4174 766 4177 ’
