3182 4906
725 515 915 582 ..6-

254 686 344 754 infra
365 686 494 753 demum
515 708 622 752 meum
644 686 800 753 iudicium
822 687 969 773 prolerre
990 689 1026 752 in
1048 688 1157 754 animo
1179 686 1295 771 habeo,
1318 686 1381 752 hoo

256 791 387 873 quidem
408 790 480 854 loco
502 790 696 873 Lahmeyeri
719 790 1012 875 argumentationis
1034 787 1125 854 filum
1140 790 1379 873 interrumpere

256 892 342 958 uolo.
386 892 503 974 ltaque
526 912 597 956 eam
619 890 732 975 paucis
755 891 951 956 adumbrare
973 891 1087 956 statim
1109 912 1252 974 pergam.

340 993 423 1058 Tum
452 1015 527 1058 vero
562 994 629 1060 iam
658 992 796 1058 Dionem
827 994 1090 1080 Chrysostomum
1118 993 1204 1058 hune
1235 992 1381 1075 libellum

257 1101 333 1161 ante
357 1096 465 1161 oeulos
489 1094 642 1160 habuisse
664 1096 712 1159 vir
735 1096 849 1163 doctus
873 1098 1052 1177 existimat3
1083 1097 1205 1160 etenim
1227 1101 1260 1159 et
1285 1096 1380 1160 initio
1438 1108 1452 1123 “

255 1200 324 1263 eius
354 1202 388 1261 et
416 1198 514 1262 exitui
536 1218 670 1281 prorsus
692 1199 890 1281 respondere
911 1196 1011 1263 verba
1032 1204 1137 1283 putat,
1158 1218 1244 1279 ¹quae
1267 1202 1381 1260 extant

255 1299 290 1363 in
313 1299 428 1364 Dionis
449 1303 531 1364 orat.
554 1298 601 1364 XI
624 1297 648 1387 ἓ
670 1301 712 1364 42
742 1297 922 1384 φιλήδονοί
943 1296 1029 1365 εἰσιν
1052 1301 1084 1364 οἱ
1102 1294 1275 1378 Ἕλληνες,
1305 1294 1327 1373 ἃ
1351 1297 1381 1363 δ’

256 1394 299 1464 clv
324 1397 511 1464 ἀκούσωσιν
535 1398 639 1478 ἡδέως
661 1398 752 1475 τινὸς
775 1401 947 1482 λέγοντος,
970 1404 1079 1466 ταῦτα
1105 1401 1163 1463 καὶ
1184 1397 1305 1479 ἀληθῆ
1326 1422 1380 1464 νο·

255 1498 422 1585 μίζονσιν.
456 1502 569 1584 Neque
592 1504 750 1568 minorem
773 1503 1019 1568 similitudinem
1040 1503 1243 1574 intercedere
1271 1508 1382 1567 censet

255 1604 342 1667 inter
364 1603 469 1668 nostri
491 1604 592 1669 libelli
612 1610 712 1689 eaput
727 1606 868 1690 primum
893 1604 1021 1670 ethaeo
1038 1604 1152 1670 Dionis
1176 1605 1276 1671 verba
1292 1602 1331 1691 (ξ
1346 1607 1380 1683 ὃ)

255 1700 344 1787 ὑμᾶς
380 1708 416 1771 δὲ
446 1704 581 1770 δίκαιόν
609 1705 681 1771 ἐστι’
709 1731 771 1789 μοι
797 1705 898 1793 χάριν
932 1703 1058 1771 εἰδέναι
1098 1706 1154 1770 καὶ
1181 1706 1381 1792 α’κροάσθαι

256 1805 456 1891 προθύμως·
479 1805 561 1894 ὑπὲρ
585 1808 649 1891 γάρ
673 1794 737 1873 τῶν
752 1807 920 1896 ὑμετέρων
941 1806 1113 1895 προγόνων
1129 1805 1325 1873 ἐσπούδακα
1339 1846 1382 1856 -

258 1908 297 1998 (ξ
322 1910 376 1994 11)
402 1911 447 1994 τῷ
469 1910 602 1988 άληθιῑ
621 1911 775 1999 βοηθῶν,
798 1913 877 1977 item
899 1913 986 1977 inter
1008 1932 1033 1974 o.
1057 1912 1096 1975 31
1121 1908 1213 1996 (οὐδὲ
1237 1906 1300 1974 τοῦ
1323 1931 1383 1972 πι-

257 2013 371 2076 θανοῖ
393 2049 436 2059 -
457 2017 622 2098 φανεῖται
642 2012 811 2096 συνειδώς)
841 2022 875 2079 et
895 2014 1010 2078 Dionis
1041 2012 1075 2100 ξ.
1103 2015 1162 2095 21,
1191 2013 1278 2076 inter
1306 2030 1332 2074 o.
1364 2011 1380 2074 1

256 2120 289 2178 et
310 2115 425 2180 Dionis
449 2112 473 2202 ξ
497 2115 558 2178 102
585 2111 675 2177 άλλά
698 2114 763 2199 γάρ
785 2115 870 2190 εἴτις
891 2112 1032 2180 άπαντα
1053 2114 1199 2200 ἐλέγχοι,
1227 2112 1316 2178 πολι)
1340 2105 1384 2176 άν

256 2213 357 2301 ἔργον
383 2215 450 2295 εἴη,
472 2217 558 2280 inter
581 2238 607 2280 c.
628 2218 672 2282 40
695 2217 804 2298 (med.)
828 2223 862 2282 et
883 2219 998 2283 Dionis
1022 2214 1055 2304 ξ
1078 2217 1118 2280 27
1142 2215 1202 2301 οὐχ
1224 2212 1265 2290 ὠς
1286 2211 1385 2281 αὐτοὶ

257 2338 289 2378 τι
309 2313 438 2394 εἰδότες
459 2315 536 2383 ἀλλ’
558 2316 602 2393 ως
624 2317 743 2403 ἑτέρων
765 2317 984 2395 ἀκούσαντες.
1018 2320 1177 2404 Denique,
1200 2339 1241 2382 ne
1266 2317 1383 2399 longus

257 2420 336 2502 sim,
359 2420 409 2483 vir
431 2419 545 2485 doetus
568 2441 640 2505 pag.
663 2422 706 2486 84
728 2421 808 2486 haee
830 2421 971 2505 profert:
995 2419 1118 2504 „Quia
1142 2419 1230 2502 quod
1253 2418 1285 2506 ξ.
1312 2419 1383 2502 103,

257 2519 314 2584 ubi
342 2522 423 2586 dicit
454 2523 567 2609 (Dion)
597 2520 815 2610 ὑφορώμενος
845 2527 880 2590 δὲ
908 2521 957 2603 μή
981 2546 1031 2599 τις
1054 2518 1122 2607 ἄρα
1146 2523 1284 2586 καὶτοῦ
1311 2521 1383 2584 Πα-

198 2637 201 2641 ’
259 2621 402 2707 τρόκλον
427 2623 508 2715 ζητῇ
536 2623 650 2712 τάφον
671 2665 715 2674 -
736 2623 795 2689 διά
822 2627 923 2691 τοῦτο
952 2622 1291 2711 προκαταλαμβάνων
1320 2622 1382 2687 οὐκ

260 2719 325 2811 ἔφη
348 2722 461 2809 τάφον
483 2722 590 2790 αὐτοῦ
611 2728 777 2808 γενέσθαι
799 2728 850 2791 vel
864 2726 964 2792 verba
985 2727 1145 2810 imitatur,
1168 2725 1286 2808 quibus
1308 2723 1383 2788 Plu-

257 2825 391 2890 tarchus
423 2830 462 2905 (ο.
484 2827 540 2912 42)
564 2830 667 2893 utitur
689 2825 730 2912 „d
754 2831 790 2894 δὲ
812 2827 1062 2916 προλαμβάνων
1084 2826 1144 2893 τόν
1169 2827 1302 2913 ’ἔλεγχον
1325 2826 1385 2890 τοῦ

257 2922 453 3010 ψεύσματος
474 2929 538 2993 τῶν
559 2929 778 3014 ἐρησομένων·
802 2928 916 2996 πόθεν
937 2917 999 2996 οὖν
1021 2927 1228 3013 πολυάνδρια
1246 2931 1301 2992 καὶ
1318 2928 1383 3005 Ori·

258 3050 317 3092 και
348 3029 518 3095 τοσαῦται
549 3033 655 3108 ιιτλίῑ,Ι
685 3053 724 3096 ex
753 3033 960 3117 paragrapho
983 3053 1058 3096 vero
1083 3037 1201 3114 quarta
1212 3032 1252 3110 ²⁵)
1280 3028 1383 3112 suspi-

258 3134 354 3209 catur
393 3130 481 3198 baud
509 3135 559 3201 ita
587 3135 803 3217 multiplioem
834 3130 989 3217 plausum
1017 3134 1193 3199 Plutarcho
1224 3130 1384 3197 Herodoti

257 3232 471 3299 obtrectatori
494 3235 535 3299 ab
558 3237 750 3319 aequalibus
775 3238 888 3302 datum
910 3257 989 3301 esse.

342 3333 433 3402 Nova
463 3342 573 3403 autem
601 3346 791 3423 argumenta
812 3334 899 3404 idem
921 3359 960 3403 ex
982 3338 1040 3404 illa
1064 3336 1291 3402 Corinthiaeae
1314 3354 1384 3399 ora-

256 3502 440 3642 perpiefflhre
461 3505 549 3559 seiner
561 3508 709 3562 Vorfuhren
726 3508 809 3562 uider
824 3507 871 3560 des
884 3507 1019 3561 Herodoto
1029 3504 1182 3561 Vorwuerfe
1194 3521 1227 3556 zu
1243 3502 1384 3557 sehuetzen

277 3604 308 3639 ea
327 3588 365 3642 sie
383 3589 469 3659 tigt.“

326 3673 370 3743 25)
387 3674 483 3729 Dionis
500 3677 582 3731 verbu
600 3685 663 3731 sunt
679 3679 759 3732 haee:
785 3677 831 3731 οὐκ
855 3678 887 3730 ἂν
911 3677 957 3732 οὖν
977 3673 1150 3744 θαυμάσαιμι
1167 3677 1210 3726 καὶ
1227 3669 1312 3743 ὑμᾶς,
1338 3674 1384 3724 ἄν-

258 3758 317 3828 δρες
337 3759 440 3831 Ἰλιεῖς,
465 3763 488 3811 ιλ
506 3760 662 3830 πιστότερον
681 3761 830 3830 ἡγήσαισθε
850 3764 966 3833 Ὅμηρον
980 3754 1012 3814 τά
1029 3760 1203 3828 χαλεπώτατα
1222 3760 1384 3829 φιοοάμινον

257 3844 320 3896 καθ’
342 3841 415 3913 ὑμῶν
433 3848 450 3911 ἢ
467 3853 511 3916 ἐμὲ
530 3849 637 3914 τάληθή
656 3852 765 3916 λέγοντα
782 3851 899 3902 κάκιῖνον
915 3855 963 3919 μὲν
981 3850 1122 3916 ὑπολαβεῖν
1135 3854 1213 3900 θεῖον
1233 3836 1326 3916 άνθρα
1346 3847 1389 3897 καὶ

258 3930 352 3999 00φὸίί
371 3935 414 3984 καὶ
431 3937 591 3993 τοὺςπιιῐδας
610 3936 701 3996 εὐθὺς
713 3940 740 3997 ἐξ
761 3937 844 4006 ἅρλῆς
861 3938 893 3989 τὰ
913 3941 960 4003 ἔπη
980 3932 1113 3988 διδάσκειν
1131 3934 1207 3990 οὐδὲν
1224 3935 1290 3987 ἄλλο
1309 3934 1325 3998 ἢ
1344 3953 1390 3983 κα-

257 4017 340 4087 τάρας
357 4020 453 4085 ἔχοντα
472 4021 539 4073 κατὰ
562 4024 611 4085 τῆς
628 4021 726 4083 πόλεως
745 4027 789 4075 καὶ
806 4023 908 4083 τιιάτιις
925 4023 971 4078 οὐκ
989 4022 1110 4089 ἀληθεῖς,
1135 4020 1201 4090 ἐμοῦ
1220 4022 1249 4072 δὲ
1272 4019 1308 4088 μβ
1334 4019 1389 4070 ilat·

255 4111 351 4171 χοισθι
369 4105 402 4157 τά
419 4106 486 4161 ὄντα
504 4110 549 4159 καὶ
565 4106 697 4179 γινόμενα
716 4111 847 4180 λέγοντος,
865 4109 908 4163 ὅτι
924 4112 1030 4169 πολλοῖς
1048 4113 1130 4162 ἔτεσιν
1142 4108 1256 4178 ὕστερον
1268 4103 1389 4176 Ὃμήρον

257 4196 365 4259 γέγονα.
