3182 4906
579 400 894 483 240-

312 571 398 638 Mira
428 546 536 637 autem
565 570 763 655 similitudo,
793 578 831 636 ut
852 572 915 636 hoc
937 572 1153 658 praeripiam,
1182 572 1355 639 intercedit

227 675 311 749 iuter
334 694 360 737 c.
383 674 425 738 22
447 672 528 760 (fin.)
552 680 585 737 et
607 672 701 738 Diod.
725 673 782 759 XI,
804 674 863 738 55:

230 791 420 867 Κόλασις
453 790 519 877 γάρ
556 792 630 883 οὐκ
667 782 710 874 ἦν
748 791 766 858 ὁ
817 794 1052 878 νομοθετῆσαι
1082 796 1118 860 δὲ
1142 795 1248 857 ταῦτα
1272 797 1354 878 (spe-

228 892 495 980 ἒξοοτρακιομός
517 891 628 960 data
658 920 765 986 παροι-
816 904 908 962 etant
922 898 1003 961 haec
1022 896 1063 959 ad
1080 892 1354 982 ἐξοστρακισμόν)

228 992 340 1080 μνθία
357 994 495 1084 φθόνον
508 997 565 1061 καὶ
577 1000 766 1086 κουφισμὸς
817 997 973 1064 δοκοῦσιν
1009 1001 1042 1063 οἱ
1070 995 1252 1075 Ἀθηναῖοι
1283 997 1356 1083 οὐχ

231 1095 397 1183 ἡδομένου
441 1102 487 1187 τῷ
531 1102 764 1166 ταπεινοῦν
816 1092 1357 1178 ἰ’νατήνκακίανκολοὶζωοιν

230 1200 326 1274 τούς
377 1198 664 1288 ὑπερέχοντας
709 1203 769 1265 καὶ
820 1198 908 1266 ἄλλ’
943 1195 1000 1267 ἵνα
1038 1200 1356 1291 τάφρονήμιιιοι

232 1302 296 1380 τήν
329 1303 532 1389 δυσμένειαν
562 1304 610 1382 εἰς
642 1301 769 1383 ταύτην
821 1305 894 1368 τῶν
915 1301 1357 1390 ὑπιρεχόντωντανιιι-

232 1402 296 1484 τήν
320 1403 461 1490 α’τιμίνιν
483 1408 718 1483 ἀποπνέοντες.
802 1401 973 1494 ’νόμον
1017 1408 1154 1490 γένηται
1197 1405 1255 1472 ὄνοι
1297 1406 1358 1487 τήν

492 1506 497 1517 ’
818 1508 940 1596 φυγήν.

317 1631 452 1694 Restant
484 1631 614 1712 quidem
643 1632 674 1696 in
705 1631 933 1697 Themistoclis
963 1631 1032 1694 uita
1060 1651 1166 1714 pauca
1174 1681 1184 1715 ,
1220 1651 1304 1714 quae
1339 1651 1359 1694 a

233 1731 370 1797 Diodori
392 1734 582 1799 narratione
604 1734 749 1818 proxime
773 1735 899 1816 absint,
922 1734 979 1799 sed
1002 1754 1042 1800 ea
1064 1754 1150 1797 nunc
1172 1733 1288 1798 omitto
1312 1735 1359 1796 in-

233 1832 285 1898 fra
308 1854 345 1899 eo
366 1834 540 1899 rediturus.

229 1968 232 1973 ·
318 1936 467 2018 Denique
496 1937 660 2003 Diodorus
693 1959 766 2003 cum
795 1937 973 2002 Plutarcho
1004 1959 1041 2001 eo
1074 1937 1235 2022 concinit,
1272 1937 1360 2020 quod

232 2039 407 2104 memoriae
415 2037 549 2104 tradidit
556 2041 735 2123 complures
744 2040 866 2122 legatos
878 2039 1077 2103 aMardonio
1085 2038 1231 2110 Athenas
1241 2039 1359 2104 missos

236 2140 355 2226 esselss)
385 2147 487 2222 atque
508 2142 652 2206 Aristide
676 2149 805 2206 auctore
827 2141 879 2204 vel
901 2161 1034 2206 suasore
1056 2141 1273 2206 Athenienses
1295 2143 1360 2206 Me-

235 2243 428 2326 garensibus
458 2243 666 2308 vehementer
695 2244 735 2307 ab
762 2242 912 2308 hostibus
942 2244 1030 2328 apud
1057 2243 1207 2308 Plataeas
1237 2246 1361 2308 vexatis

236 2345 360 2412 auxilio
383 2344 572 2431 venissen).

320 2447 434 2531 Neque
453 2468 530 2511 vero
546 2448 708 2513 Diodorus
730 2471 824 2533 unus,
848 2450 905 2514 sed
924 2448 1023 2513 etiam
1035 2447 1180 2513 lustinus
1197 2450 1362 2515 nonnullis

237 2552 316 2616 Iocis
346 2571 446 2635 prope
474 2550 516 2614 ad
546 2549 759 2618 Plutarchum
788 2550 929 2626 accedit3
962 2551 1128 2616 simillima
1158 2550 1243 2615 enim
1273 2552 1360 2615 inter

237 2674 272 2718 se
295 2660 388 2718 suut:

239 2774 349 2840 Them.
380 2793 405 2835 c.
436 2770 530 2836 sfin.
562 2773 594 2835 οἱ
622 2775 684 2855 μὲν
712 2771 810 2855 γάρεί
828 2771 875 2856 ll,
900 2772 956 2855 12,
990 2772 1028 2837 12
1060 2770 1208 2854 Namque
1230 2772 1363 2836 Atheni-

240 2874 341 2940 ἄλλοι
370 2875 471 2957 μέρος
501 2868 608 2956 ᾤοντο
632 2873 692 2937 τοῦ
711 2896 777 2938 νιο-
830 2894 922 2939 enses
940 2880 1016 2957 post
1034 2896 1176 2957 pugnam
1200 2873 1364 2938 Maratha·
1405 2874 1407 2879 ’

240 2979 342 3064 λέμου
364 2973 427 3054 arfa
447 2975 482 3038 ἐν
503 2976 696 3061 Μαραθῶνι
717 2977 779 3041 τῶν
830 2977 918 3040 niam
940 2984 1170 3058 praemonente
1188 2975 1364 3040 Themisto-

238 3075 415 3167 βαρβάρων
435 3065 545 3156 ἧτταν
565 3068 664 3159 εἶναι,
680 3078 780 3163 (dspe-
831 3078 880 3141 ole
902 3078 1072 3142 uictoriam
1095 3079 1185 3142 illam
1201 3079 1239 3143 de
1257 3077 1364 3141 Persis

241 3180 383 3257 στοκλῆς
412 3179 447 3241 δὲ
480 3178 586 3264 οἷρχὴν
614 3177 780 3263 μειζόνων
831 3202 897 3245 non
911 3179 1218 3245 finemsedcausanr
1233 3180 1365 3243 maioris

240 3280 393 3367 ἀγώνων.“
829 3282 906 3347 belli
929 3282 998 3346 fore
1021 3281 1072 3348 dc
1099 3302 1196 3346 naves
1229 3280 1366 3346 fabrica·

829 3390 955 3458 uerunt.

327 3508 410 3572 Tum
432 3505 519 3588 apud
539 3505 699 3570 Iustinum
720 3524 850 3586 quoque
872 3504 968 3589 (lta,
985 3504 1037 3585 15)
1062 3505 1146 3568 sicut
1167 3504 1202 3568 in
1224 3527 1251 3568 v.
1268 3504 1367 3568 Arist.

311 3750 354 3813 26)
378 3745 433 3810 XI,
459 3748 492 3799 28
516 3750 543 3797 et
566 3744 647 3797 Arist.
676 3747 721 3807 103
752 3743 906 3797 Herodotus
930 3743 1077 3797 Alexandri
1102 3742 1180 3796 unius
1207 3741 1368 3794 mentionem

242 3833 305 3886 facit
321 3832 398 3896 VIII,
419 3835 476 3885 136.

313 3917 357 3984 27)
374 3916 431 3982 XI,
457 3920 490 3970 30
508 3922 535 3968 et
552 3914 633 3969 Arist.
655 3917 702 3980 153
728 3915 882 3968 Herodotus
906 3921 996 3967 autem
1015 3914 1081 3966 haec
1098 3913 1208 3983 praebet
1227 3912 1286 3975 (IX.
1307 3915 1367 3978 all:

245 4001 443 4072 οῧβονλομένιιν
473 4003 501 4052 δὲ
524 4002 577 4051 τῶν
602 4001 688 4052 ἄλλον
711 4002 893 4066 Ἀθηναῖοι
922 3998 1079 4060 ὑπεδέξαντο
1106 4000 1149 4050 καὶ
1168 3996 1321 4064 Ἀθηναίων
1345 4001 1370 4051 ot

233 4088 393 4163 ¹upcrpro'otoe
412 4088 529 4157 λογάδες,
547 4088 601 4139 τῶν
618 4089 736 4157 ἐλοχήγεε
750 4084 975 4156 Ὀλυμπιόδωρος,
1410 4076 1414 4081 “
