<?xml version="1.0" encoding="UTF-8"?>
<!DOCTYPE html PUBLIC "-//W3C//DTD XHTML 1.0 Transitional//EN"
    "http://www.w3.org/TR/xhtml1/DTD/xhtml1-transitional.dtd">
<html xmlns="http://www.w3.org/1999/xhtml" xml:lang="en" lang="en">
 <head>
  <title>
</title>
<meta http-equiv="Content-Type" content="text/html;charset=utf-8" />
  <meta name='ocr-system' content='tesseract 3.04.00' />
  <meta name='ocr-capabilities' content='ocr_page ocr_carea ocr_par ocr_line ocrx_word'/>
</head>
<body>
  <div class='ocr_page' id='page_1' title='image "./quaestionesplut00hbgoog_0067.png"; bbox 0 0 3182 4906; ppageno 0'>
   <div class='ocr_carea' id='block_1_1' title="bbox 646 481 903 558">
    <p class='ocr_par' dir='ltr' id='par_1_1' title="bbox 646 481 903 558">
     <span class='ocr_line' id='line_1_1' title="bbox 646 481 903 558; baseline -0.051 -1"><span class='ocrx_word' id='word_1_1' title='bbox 646 481 903 558; x_wconf 39' lang='lat' dir='ltr'>mes..</span> 
     </span>
    </p>
   </div>
   <div class='ocr_carea' id='block_1_2' title="bbox 240 662 1364 973">
    <p class='ocr_par' dir='ltr' id='par_1_2' title="bbox 240 662 1364 973">
     <span class='ocr_line' id='line_1_2' title="bbox 240 662 1363 751; baseline 0.001 -20"><span class='ocrx_word' id='word_1_2' title='bbox 240 663 355 732; x_wconf 82' lang='lat' dir='ltr'>liarem</span> <span class='ocrx_word' id='word_1_3' title='bbox 368 663 571 751; x_wconf 76' lang='lat' dir='ltr'>neglegebat,</span> <span class='ocrx_word' id='word_1_4' title='bbox 591 669 720 748; x_wconf 81' lang='lat' dir='ltr'>epatre</span> <span class='ocrx_word' id='word_1_5' title='bbox 736 662 951 730; x_wconf 81' lang='lat' dir='ltr'>exheredatus</span> <span class='ocrx_word' id='word_1_6' title='bbox 968 665 1049 749; x_wconf 78' lang='lat' dir='ltr'>est“,</span> <span class='ocrx_word' id='word_1_7' title='bbox 1068 663 1107 730; x_wconf 86' lang='lat' dir='ltr'><strong><em>de</em></strong></span> <span class='ocrx_word' id='word_1_8' title='bbox 1125 664 1242 749; x_wconf 86' lang='lat' dir='ltr'>quibus</span> <span class='ocrx_word' id='word_1_9' title='bbox 1258 664 1363 732; x_wconf 85' lang='lat' dir='ltr'>verbis</span> 
     </span>
     <span class='ocr_line' id='line_1_3' title="bbox 240 767 1363 855; baseline 0 -20"><span class='ocrx_word' id='word_1_10' title='bbox 240 770 456 855; x_wconf 88' lang='lat' dir='ltr'>Nipperdeius</span> <span class='ocrx_word' id='word_1_11' title='bbox 487 769 530 846; x_wconf 78' lang='lat' dir='ltr'><strong><em>(in</em></strong></span> <span class='ocrx_word' id='word_1_12' title='bbox 552 768 689 852; x_wconf 81' lang='lat' dir='ltr'>Nepotis</span> <span class='ocrx_word' id='word_1_13' title='bbox 718 767 795 832; x_wconf 81' lang='lat' dir='ltr'>edit.</span> <span class='ocrx_word' id='word_1_14' title='bbox 823 788 908 850; x_wconf 89' lang='lat' dir='ltr'>quae</span> <span class='ocrx_word' id='word_1_15' title='bbox 940 791 968 833; x_wconf 89' lang='lat' dir='ltr'><strong><em>a.</em></strong></span> <span class='ocrx_word' id='word_1_16' title='bbox 994 769 1076 833; x_wconf 77' lang='lat'>1849</span> <span class='ocrx_word' id='word_1_17' title='bbox 1105 771 1140 833; x_wconf 88' lang='lat' dir='ltr'><strong><em>in</em></strong></span> <span class='ocrx_word' id='word_1_18' title='bbox 1162 770 1268 834; x_wconf 87' lang='lat' dir='ltr'>lucem</span> <span class='ocrx_word' id='word_1_19' title='bbox 1290 792 1363 854; x_wconf 84' lang='lat' dir='ltr'>pre·</span> 
     </span>
     <span class='ocr_line' id='line_1_4' title="bbox 240 869 1364 973; baseline -0.001 -37"><span class='ocrx_word' id='word_1_20' title='bbox 240 872 312 956; x_wconf 71' lang='lat' dir='ltr'>diis,</span> <span class='ocrx_word' id='word_1_21' title='bbox 342 893 415 955; x_wconf 81' lang='lat' dir='ltr'>pag.</span> <span class='ocrx_word' id='word_1_22' title='bbox 451 872 489 934; x_wconf 75' lang='lat'><strong><em>17</em></strong></span> <span class='ocrx_word' id='word_1_23' title='bbox 525 877 604 953; x_wconf 80' lang='lat' dir='ltr'>seq.)</span> <span class='ocrx_word' id='word_1_24' title='bbox 643 871 730 934; x_wconf 84' lang='lat' dir='ltr'>hune</span> <span class='ocrx_word' id='word_1_25' title='bbox 760 871 794 933; x_wconf 90' lang='lat' dir='ltr'><strong><em>in</em></strong></span> <span class='ocrx_word' id='word_1_26' title='bbox 829 869 959 934; x_wconf 86' lang='lat' dir='ltr'><strong>modum</strong></span> <span class='ocrx_word' id='word_1_27' title='bbox 998 872 1192 953; x_wconf 77' lang='lat' dir='ltr'>disputavit:</span> <span class='ocrx_word' id='word_1_28' title='bbox 1227 873 1364 973; x_wconf 80' lang='lat' dir='ltr'>„Einige</span> 
     </span>
    </p>
   </div>
   <div class='ocr_carea' id='block_1_3' title="bbox 152 972 1393 1974">
    <p class='ocr_par' dir='ltr' id='par_1_3' title="bbox 152 972 1393 1974">
     <span class='ocr_line' id='line_1_5' title="bbox 240 972 1364 1054; baseline 0.001 -17"><span class='ocrx_word' id='word_1_29' title='bbox 240 972 475 1038; x_wconf 75' lang='lat' dir='ltr'>Sehriftsteller</span> <span class='ocrx_word' id='word_1_30' title='bbox 496 972 676 1054; x_wconf 64' lang='lat' dir='ltr'>berichem,</span> <span class='ocrx_word' id='word_1_31' title='bbox 700 992 735 1035; x_wconf 89' lang='lat' dir='ltr'><strong><em>er</em></strong></span> <span class='ocrx_word' id='word_1_32' title='bbox 757 973 804 1035; x_wconf 90' lang='lat' dir='ltr'><strong><em>sei</em></strong></span> <span class='ocrx_word' id='word_1_33' title='bbox 825 993 887 1036; x_wconf 86' lang='lat' dir='ltr'><strong><em>von</em></strong></span> <span class='ocrx_word' id='word_1_34' title='bbox 910 973 1032 1037; x_wconf 87' lang='lat' dir='ltr'>seinem</span> <span class='ocrx_word' id='word_1_35' title='bbox 1055 973 1156 1037; x_wconf 79' lang='lat' dir='ltr'>Vater</span> <span class='ocrx_word' id='word_1_36' title='bbox 1178 981 1364 1039; x_wconf 79' lang='lat' dir='ltr'>verstessen</span> 
     </span>
     <span class='ocr_line' id='line_1_6' title="bbox 152 1072 1393 1159; baseline 0.001 -19"><span class='ocrx_word' id='word_1_37' title='bbox 152 1116 155 1122; x_wconf 91' lang='lat'><em>·</em></span> <span class='ocrx_word' id='word_1_38' title='bbox 238 1076 384 1151; x_wconf 84' lang='lat' dir='ltr'>werden,</span> <span class='ocrx_word' id='word_1_39' title='bbox 413 1097 479 1142; x_wconf 84' lang='lat' dir='ltr'><strong><em>was</em></strong></span> <span class='ocrx_word' id='word_1_40' title='bbox 507 1077 540 1139; x_wconf 91' lang='lat' dir='ltr'><strong><em>in</em></strong></span> <span class='ocrx_word' id='word_1_41' title='bbox 562 1075 671 1139; x_wconf 77' lang='lat' dir='ltr'>Athen</span> <span class='ocrx_word' id='word_1_42' title='bbox 701 1072 785 1138; x_wconf 87' lang='lat' dir='ltr'>naeh</span> <span class='ocrx_word' id='word_1_43' title='bbox 816 1073 1057 1140; x_wconf 67' lang='lat' dir='ltr'>richeerliehem</span> <span class='ocrx_word' id='word_1_44' title='bbox 1081 1076 1226 1159; x_wconf 85' lang='lat' dir='ltr'>Spruehe</span> <span class='ocrx_word' id='word_1_45' title='bbox 1249 1078 1283 1141; x_wconf 88' lang='lat' dir='ltr'><strong><em>in</em></strong></span> <span class='ocrx_word' id='word_1_46' title='bbox 1307 1077 1364 1141; x_wconf 86' lang='lat' dir='ltr'><strong><em>der</em></strong></span> <span class='ocrx_word' id='word_1_47' title='bbox 1390 1110 1393 1113; x_wconf 40' lang='lat'>*</span> 
     </span>
     <span class='ocr_line' id='line_1_7' title="bbox 238 1175 1364 1263; baseline 0 -20"><span class='ocrx_word' id='word_1_48' title='bbox 238 1178 300 1243; x_wconf 78' lang='lat' dir='ltr'><strong><em>Art</em></strong></span> <span class='ocrx_word' id='word_1_49' title='bbox 322 1175 503 1263; x_wconf 82' lang='lat' dir='ltr'>gesehehen</span> <span class='ocrx_word' id='word_1_50' title='bbox 526 1177 659 1260; x_wconf 80' lang='lat' dir='ltr'>konnte,</span> <span class='ocrx_word' id='word_1_51' title='bbox 682 1176 757 1241; x_wconf 83' lang='lat' dir='ltr'>dass</span> <span class='ocrx_word' id='word_1_52' title='bbox 780 1176 838 1240; x_wconf 86' lang='lat' dir='ltr'><strong><em>der</em></strong></span> <span class='ocrx_word' id='word_1_53' title='bbox 854 1175 956 1243; x_wconf 78' lang='lat' dir='ltr'>Vater</span> <span class='ocrx_word' id='word_1_54' title='bbox 975 1177 1134 1262; x_wconf 82' lang='lat' dir='ltr'>jeglieher</span> <span class='ocrx_word' id='word_1_55' title='bbox 1151 1176 1364 1262; x_wconf 80' lang='lat' dir='ltr'>Verbindung</span> 
     </span>
     <span class='ocr_line' id='line_1_8' title="bbox 238 1278 1362 1363; baseline 0.001 -20"><span class='ocrx_word' id='word_1_56' title='bbox 238 1280 307 1345; x_wconf 90' lang='lat' dir='ltr'><strong><em>und</em></strong></span> <span class='ocrx_word' id='word_1_57' title='bbox 329 1278 575 1363; x_wconf 76' lang='lat' dir='ltr'>Verpfliehtung</span> <span class='ocrx_word' id='word_1_58' title='bbox 605 1280 678 1343; x_wconf 90' lang='lat' dir='ltr'><strong><em>dem</em></strong></span> <span class='ocrx_word' id='word_1_59' title='bbox 700 1278 808 1343; x_wconf 87' lang='lat' dir='ltr'>Sehne</span> <span class='ocrx_word' id='word_1_60' title='bbox 837 1280 1022 1362; x_wconf 80' lang='lat' dir='ltr'>gegeniiber</span> <span class='ocrx_word' id='word_1_61' title='bbox 1051 1280 1215 1345; x_wconf 79' lang='lat' dir='ltr'>enthoben</span> <span class='ocrx_word' id='word_1_62' title='bbox 1244 1280 1362 1345; x_wconf 87' lang='lat' dir='ltr'>wurde.</span> 
     </span>
     <span class='ocr_line' id='line_1_9' title="bbox 238 1376 1363 1465; baseline 0.001 -20"><span class='ocrx_word' id='word_1_63' title='bbox 238 1380 315 1445; x_wconf 85' lang='lat' dir='ltr'>Dies</span> <span class='ocrx_word' id='word_1_64' title='bbox 338 1380 425 1445; x_wconf 89' lang='lat' dir='ltr'>hiess</span> <span class='ocrx_word' id='word_1_65' title='bbox 455 1376 663 1465; x_wconf 81' lang='grc' dir='ltr'><strong><em>οίποκήρυξις</em></strong></span> <span class='ocrx_word' id='word_1_66' title='bbox 677 1418 730 1444; x_wconf 93' lang='grc'><strong><em>-.</em></strong></span> <span class='ocrx_word' id='word_1_67' title='bbox 746 1379 813 1444; x_wconf 88' lang='lat' dir='ltr'><strong><em>Das</em></strong></span> <span class='ocrx_word' id='word_1_68' title='bbox 835 1381 995 1449; x_wconf 75' lang='lat' dir='ltr'>remisohe</span> <span class='ocrx_word' id='word_1_69' title='bbox 1015 1382 1120 1446; x_wconf 82' lang='lat' dir='ltr'>Reeht</span> <span class='ocrx_word' id='word_1_70' title='bbox 1132 1382 1261 1447; x_wconf 55' lang='grc' dir='ltr'><strong><em>Ᾰ1111111116</em></strong></span> <span class='ocrx_word' id='word_1_71' title='bbox 1291 1383 1363 1446; x_wconf 90' lang='lat' dir='ltr'>eine</span> 
     </span>
     <span class='ocr_line' id='line_1_10' title="bbox 240 1481 1364 1566; baseline 0 -19"><span class='ocrx_word' id='word_1_72' title='bbox 240 1482 349 1548; x_wconf 80' lang='lat' dir='ltr'>solehe</span> <span class='ocrx_word' id='word_1_73' title='bbox 372 1483 591 1566; x_wconf 81' lang='lat' dir='ltr'>Verstessung</span> <span class='ocrx_word' id='word_1_74' title='bbox 620 1482 680 1546; x_wconf 80' lang='lat' dir='ltr'><strong><em>mit</em></strong></span> <span class='ocrx_word' id='word_1_75' title='bbox 709 1481 909 1548; x_wconf 83' lang='lat' dir='ltr'>reehtliehen</span> <span class='ocrx_word' id='word_1_76' title='bbox 939 1483 964 1546; x_wconf 86' lang='lat' dir='ltr'>F</span> <span class='ocrx_word' id='word_1_77' title='bbox 967 1486 1062 1566; x_wconf 82' lang='lat' dir='ltr'>olgen</span> <span class='ocrx_word' id='word_1_78' title='bbox 1092 1483 1182 1549; x_wconf 86' lang='lat' dir='ltr'>nieht</span> <span class='ocrx_word' id='word_1_79' title='bbox 1210 1484 1277 1548; x_wconf 89' lang='lat' dir='ltr'><strong><em>und</em></strong></span> <span class='ocrx_word' id='word_1_80' title='bbox 1307 1484 1364 1548; x_wconf 83' lang='lat' dir='ltr'><strong><em>der</em></strong></span> 
     </span>
     <span class='ocr_line' id='line_1_11' title="bbox 239 1583 1364 1650; baseline 0.001 -2"><span class='ocrx_word' id='word_1_81' title='bbox 239 1583 431 1648; x_wconf 78' lang='lat' dir='ltr'>lateinisehe</span> <span class='ocrx_word' id='word_1_82' title='bbox 454 1583 625 1649; x_wconf 82' lang='lat' dir='ltr'>Ausdruek</span> <span class='ocrx_word' id='word_1_83' title='bbox 647 1583 743 1648; x_wconf 81' lang='lat' dir='ltr'>desiir</span> <span class='ocrx_word' id='word_1_84' title='bbox 766 1583 918 1649; x_wconf 82' lang='lat' dir='ltr'>abdicare</span> <span class='ocrx_word' id='word_1_85' title='bbox 941 1585 1068 1649; x_wconf 82' lang='lat' dir='ltr'>seheint</span> <span class='ocrx_word' id='word_1_86' title='bbox 1095 1590 1163 1650; x_wconf 84' lang='lat' dir='ltr'>erst</span> <span class='ocrx_word' id='word_1_87' title='bbox 1186 1584 1287 1650; x_wconf 84' lang='lat' dir='ltr'><strong>durch</strong></span> <span class='ocrx_word' id='word_1_88' title='bbox 1312 1586 1364 1650; x_wconf 90' lang='lat' dir='ltr'><strong><em>die</em></strong></span> 
     </span>
     <span class='ocr_line' id='line_1_12' title="bbox 238 1685 1366 1771; baseline 0.004 -23"><span class='ocrx_word' id='word_1_89' title='bbox 238 1685 556 1768; x_wconf 75' lang='lat' dir='ltr'>Rhetoreniibungen</span> <span class='ocrx_word' id='word_1_90' title='bbox 579 1688 612 1750; x_wconf 87' lang='lat' dir='ltr'><strong><em>in</em></strong></span> <span class='ocrx_word' id='word_1_91' title='bbox 636 1686 697 1751; x_wconf 88' lang='lat' dir='ltr'><strong><em>den</em></strong></span> <span class='ocrx_word' id='word_1_92' title='bbox 720 1687 838 1751; x_wconf 81' lang='lat' dir='ltr'>letzten</span> <span class='ocrx_word' id='word_1_93' title='bbox 853 1686 977 1751; x_wconf 76' lang='grc' dir='ltr'><strong><em>ι16111611</em></strong></span> <span class='ocrx_word' id='word_1_94' title='bbox 1001 1687 1056 1752; x_wconf 88' lang='lat' dir='ltr'><strong><em>des</em></strong></span> <span class='ocrx_word' id='word_1_95' title='bbox 1070 1687 1178 1771; x_wconf 86' lang='lat' dir='ltr'>Nepos</span> <span class='ocrx_word' id='word_1_96' title='bbox 1192 1685 1366 1752; x_wconf 81' lang='lat' dir='ltr'>verbreitet</span> 
     </span>
     <span class='ocr_line' id='line_1_13' title="bbox 238 1787 1364 1872; baseline 0.002 -22"><span class='ocrx_word' id='word_1_97' title='bbox 238 1789 368 1853; x_wconf 87' lang='lat' dir='ltr'>worden</span> <span class='ocrx_word' id='word_1_98' title='bbox 391 1811 430 1853; x_wconf 89' lang='lat' dir='ltr'><strong><em>zu</em></strong></span> <span class='ocrx_word' id='word_1_99' title='bbox 453 1789 531 1852; x_wconf 86' lang='lat' dir='ltr'>sein.</span> <span class='ocrx_word' id='word_1_100' title='bbox 575 1787 621 1851; x_wconf 84' lang='lat' dir='ltr'><strong><em>Er</em></strong></span> <span class='ocrx_word' id='word_1_101' title='bbox 642 1789 702 1852; x_wconf 78' lang='lat' dir='ltr'><strong><em>hat</em></strong></span> <span class='ocrx_word' id='word_1_102' title='bbox 724 1791 793 1855; x_wconf 84' lang='lat' dir='ltr'>also</span> <span class='ocrx_word' id='word_1_103' title='bbox 824 1788 919 1854; x_wconf 82' lang='lat' dir='ltr'>dafiir</span> <span class='ocrx_word' id='word_1_104' title='bbox 941 1789 1135 1872; x_wconf 82' lang='lat' dir='ltr'>Enterbung</span> <span class='ocrx_word' id='word_1_105' title='bbox 1165 1787 1364 1872; x_wconf 80' lang='lat' dir='ltr'>substituirt,</span> 
     </span>
     <span class='ocr_line' id='line_1_14' title="bbox 238 1886 1363 1974; baseline 0.001 -21"><span class='ocrx_word' id='word_1_106' title='bbox 238 1889 375 1955; x_wconf 81' lang='lat' dir='ltr'>welches</span> <span class='ocrx_word' id='word_1_107' title='bbox 403 1890 456 1954; x_wconf 87' lang='lat' dir='ltr'><strong><em>die</em></strong></span> <span class='ocrx_word' id='word_1_108' title='bbox 482 1889 787 1973; x_wconf 65' lang='lat' dir='ltr'>hauptseehliehste</span> <span class='ocrx_word' id='word_1_109' title='bbox 816 1890 916 1973; x_wconf 85' lang='lat' dir='ltr'>Felge</span> <span class='ocrx_word' id='word_1_110' title='bbox 946 1892 1003 1956; x_wconf 86' lang='lat' dir='ltr'><strong><em>der</em></strong></span> <span class='ocrx_word' id='word_1_111' title='bbox 1033 1886 1241 1974; x_wconf 81' lang='grc' dir='ltr'><strong><em>α’τιοκήρυξις</em></strong></span> <span class='ocrx_word' id='word_1_112' title='bbox 1266 1891 1363 1955; x_wconf 53' lang='grc'><strong>116111.</strong></span> 
     </span>
    </p>
   </div>
   <div class='ocr_carea' id='block_1_4' title="bbox 238 2008 1362 2176">
    <p class='ocr_par' dir='ltr' id='par_1_4' title="bbox 238 2008 1362 2176">
     <span class='ocr_line' id='line_1_15' title="bbox 322 2008 1362 2094; baseline 0.002 -22"><span class='ocrx_word' id='word_1_113' title='bbox 322 2009 411 2075; x_wconf 79' lang='lat' dir='ltr'>Inter</span> <span class='ocrx_word' id='word_1_114' title='bbox 440 2009 549 2074; x_wconf 83' lang='lat' dir='ltr'>Them.</span> <span class='ocrx_word' id='word_1_115' title='bbox 579 2009 621 2073; x_wconf 84' lang='grc'><strong><em>20</em></strong></span> <span class='ocrx_word' id='word_1_116' title='bbox 648 2016 681 2074; x_wconf 79' lang='lat' dir='ltr'><strong><em>et</em></strong></span> <span class='ocrx_word' id='word_1_117' title='bbox 709 2010 805 2075; x_wconf 83' lang='lat' dir='ltr'>Arist.</span> <span class='ocrx_word' id='word_1_118' title='bbox 832 2011 874 2074; x_wconf 88' lang='grc'><strong><em>22</em></strong></span> <span class='ocrx_word' id='word_1_119' title='bbox 902 2032 1080 2094; x_wconf 80' lang='lat' dir='ltr'>permagna</span> <span class='ocrx_word' id='word_1_120' title='bbox 1103 2008 1280 2074; x_wconf 84' lang='lat' dir='ltr'>similitude</span> <span class='ocrx_word' id='word_1_121' title='bbox 1315 2011 1362 2074; x_wconf 91' lang='lat' dir='ltr'><strong><em>in·</em></strong></span> 
     </span>
     <span class='ocr_line' id='line_1_16' title="bbox 238 2112 393 2176; baseline -0.006 0"><span class='ocrx_word' id='word_1_122' title='bbox 238 2112 393 2176; x_wconf 76' lang='lat' dir='ltr'>tercedit:</span> 
     </span>
    </p>
   </div>
   <div class='ocr_carea' id='block_1_5' title="bbox 234 2259 1365 4180">
    <p class='ocr_par' dir='ltr' id='par_1_5' title="bbox 234 2259 1365 4180">
     <span class='ocr_line' id='line_1_17' title="bbox 239 2259 1364 2346; baseline 0 -18"><span class='ocrx_word' id='word_1_123' title='bbox 239 2264 471 2344; x_wconf 73' lang='grc' dir='ltr'><strong><em>Θεμιστοκλῆς</em></strong></span> <span class='ocrx_word' id='word_1_124' title='bbox 483 2267 518 2330; x_wconf 80' lang='grc' dir='ltr'><strong><em>δὲ</em></strong></span> <span class='ocrx_word' id='word_1_125' title='bbox 539 2264 597 2326; x_wconf 87' lang='grc' dir='ltr'><strong><em>καὶ</em></strong></span> <span class='ocrx_word' id='word_1_126' title='bbox 610 2259 729 2345; x_wconf 85' lang='grc' dir='ltr'><strong><em>μεῖζόν</em></strong></span> <span class='ocrx_word' id='word_1_127' title='bbox 744 2286 774 2326; x_wconf 88' lang='grc' dir='ltr'><strong><em>τι</em></strong></span> <span class='ocrx_word' id='word_1_128' title='bbox 826 2262 1095 2344; x_wconf 66' lang='grc' dir='ltr'><strong><em>Θεμιστοκλέους</em></strong></span> <span class='ocrx_word' id='word_1_129' title='bbox 1123 2265 1159 2329; x_wconf 76' lang='grc' dir='ltr'><strong><em>δὲ</em></strong></span> <span class='ocrx_word' id='word_1_130' title='bbox 1189 2260 1273 2346; x_wconf 83' lang='grc' dir='ltr'><strong><em>πρὸς</em></strong></span> <span class='ocrx_word' id='word_1_131' title='bbox 1301 2260 1364 2328; x_wconf 81' lang='grc' dir='ltr'><strong><em>τόν</em></strong></span> 
     </span>
     <span class='ocr_line' id='line_1_18' title="bbox 237 2361 1365 2450; baseline 0.002 -21"><span class='ocrx_word' id='word_1_132' title='bbox 237 2367 312 2448; x_wconf 81' lang='grc' dir='ltr'><strong><em>περὶ</em></strong></span> <span class='ocrx_word' id='word_1_133' title='bbox 342 2366 401 2442; x_wconf 73' lang='grc' dir='ltr'><strong><em>τῆς</em></strong></span> <span class='ocrx_word' id='word_1_134' title='bbox 423 2367 583 2441; x_wconf 71' lang='grc' dir='ltr'><strong><em>ναυτικῆς</em></strong></span> <span class='ocrx_word' id='word_1_135' title='bbox 604 2362 775 2445; x_wconf 83' lang='grc' dir='ltr'><strong><em>δυνάμεως</em></strong></span> <span class='ocrx_word' id='word_1_136' title='bbox 826 2367 934 2445; x_wconf 79' lang='grc' dir='ltr'><strong><em>δῆμον</em></strong></span> <span class='ocrx_word' id='word_1_137' title='bbox 963 2362 1138 2445; x_wconf 82' lang='grc' dir='ltr'><strong><em>εἰπόντος,</em></strong></span> <span class='ocrx_word' id='word_1_138' title='bbox 1170 2364 1213 2438; x_wconf 82' lang='grc' dir='ltr'><strong><em>ὠς</em></strong></span> <span class='ocrx_word' id='word_1_139' title='bbox 1243 2361 1308 2450; x_wconf 77' lang='grc' dir='ltr'><strong><em>ἕχει</em></strong></span> <span class='ocrx_word' id='word_1_140' title='bbox 1333 2391 1365 2431; x_wconf 88' lang='grc' dir='ltr'><strong><em>τι</em></strong></span> 
     </span>
     <span class='ocr_line' id='line_1_19' title="bbox 238 2463 1364 2551; baseline -0.002 -17"><span class='ocrx_word' id='word_1_141' title='bbox 238 2465 412 2546; x_wconf 74' lang='grc' dir='ltr'><em>διενοήθη.</em></span> <span class='ocrx_word' id='word_1_142' title='bbox 456 2464 543 2530; x_wconf 64' lang='lat' dir='ltr'>‘Eme</span> <span class='ocrx_word' id='word_1_143' title='bbox 572 2467 638 2551; x_wconf 80' lang='grc' dir='ltr'><strong><em>γοίρ</em></strong></span> <span class='ocrx_word' id='word_1_144' title='bbox 668 2463 774 2530; x_wconf 83' lang='grc' dir='ltr'><strong><em>ὁτῶν</em></strong></span> <span class='ocrx_word' id='word_1_145' title='bbox 825 2465 997 2550; x_wconf 81' lang='grc' dir='ltr'><strong><em>βούλευμα</em></strong></span> <span class='ocrx_word' id='word_1_146' title='bbox 1022 2467 1080 2530; x_wconf 87' lang='grc' dir='ltr'><strong><em>καὶ</em></strong></span> <span class='ocrx_word' id='word_1_147' title='bbox 1103 2464 1235 2549; x_wconf 82' lang='grc' dir='ltr'><em>γνώμην</em></span> <span class='ocrx_word' id='word_1_148' title='bbox 1258 2465 1364 2551; x_wconf 79' lang='grc' dir='ltr'><strong><em>οίπόρ-</em></strong></span> 
     </span>
     <span class='ocr_line' id='line_1_20' title="bbox 236 2565 1363 2660; baseline 0.002 -30"><span class='ocrx_word' id='word_1_149' title='bbox 236 2565 399 2647; x_wconf 79' lang='grc' dir='ltr'><strong><em>Έλλήναιν</em></strong></span> <span class='ocrx_word' id='word_1_150' title='bbox 420 2567 540 2644; x_wconf 81' lang='grc' dir='ltr'><strong><em>στόλος</em></strong></span> <span class='ocrx_word' id='word_1_151' title='bbox 557 2567 774 2652; x_wconf 78' lang='grc' dir='ltr'><strong><em>τίπηλλαγμὲ-</em></strong></span> <span class='ocrx_word' id='word_1_152' title='bbox 825 2592 938 2653; x_wconf 79' lang='grc' dir='ltr'><strong><em>ρυτον,</em></strong></span> <span class='ocrx_word' id='word_1_153' title='bbox 967 2565 1136 2655; x_wconf 70' lang='grc' dir='ltr'><strong><em>ω’ᾳίλίμον</em></strong></span> <span class='ocrx_word' id='word_1_154' title='bbox 1159 2571 1195 2635; x_wconf 76' lang='grc' dir='ltr'><strong><em>δὲ</em></strong></span> <span class='ocrx_word' id='word_1_155' title='bbox 1214 2569 1254 2660; x_wconf 78' lang='grc' dir='ltr'><strong><em>τῃ</em></strong></span> <span class='ocrx_word' id='word_1_156' title='bbox 1269 2566 1363 2633; x_wconf 80' lang='grc' dir='ltr'><strong><em>πόλει</em></strong></span> 
     </span>
     <span class='ocr_line' id='line_1_21' title="bbox 238 2664 1363 2754; baseline -0.002 -19"><span class='ocrx_word' id='word_1_157' title='bbox 238 2693 298 2735; x_wconf 95' lang='grc' dir='ltr'><strong><em>νον</em></strong></span> <span class='ocrx_word' id='word_1_158' title='bbox 323 2667 444 2754; x_wconf 65' lang='grc' dir='ltr'><strong><em>Ξέρξου</em></strong></span> <span class='ocrx_word' id='word_1_159' title='bbox 467 2673 610 2753; x_wconf 76' lang='grc' dir='ltr'><strong><em>κατῆρεν</em></strong></span> <span class='ocrx_word' id='word_1_160' title='bbox 634 2664 680 2737; x_wconf 77' lang='grc' dir='ltr'><strong><em>εἰς</em></strong></span> <span class='ocrx_word' id='word_1_161' title='bbox 697 2671 774 2734; x_wconf 87' lang='grc' dir='ltr'><strong><em>Πα-</em></strong></span> <span class='ocrx_word' id='word_1_162' title='bbox 828 2672 887 2733; x_wconf 83' lang='grc' dir='ltr'><strong><em>καὶ</em></strong></span> <span class='ocrx_word' id='word_1_163' title='bbox 904 2668 1069 2754; x_wconf 75' lang='grc' dir='ltr'><strong><em>σωτήριον</em></strong></span> <span class='ocrx_word' id='word_1_164' title='bbox 1087 2671 1264 2737; x_wconf 74' lang='grc' dir='ltr'><strong><em>ἐκέλευσαν</em></strong></span> <span class='ocrx_word' id='word_1_165' title='bbox 1283 2667 1363 2754; x_wconf 83' lang='grc' dir='ltr'><strong><em>Ἀρι-</em></strong></span> 
     </span>
     <span class='ocr_line' id='line_1_22' title="bbox 236 2768 1363 2856; baseline -0.002 -22"><span class='ocrx_word' id='word_1_166' title='bbox 236 2771 347 2855; x_wconf 75' lang='grc' dir='ltr'><strong><em>γαστίς</em></strong></span> <span class='ocrx_word' id='word_1_167' title='bbox 378 2773 436 2833; x_wconf 88' lang='grc' dir='ltr'><strong><em>καὶ</em></strong></span> <span class='ocrx_word' id='word_1_168' title='bbox 467 2768 650 2856; x_wconf 82' lang='grc' dir='ltr'><strong><em>διεχείμαζε</em></strong></span> <span class='ocrx_word' id='word_1_169' title='bbox 687 2774 774 2848; x_wconf 80' lang='grc' dir='ltr'><strong><em>διμιυ</em></strong></span> <span class='ocrx_word' id='word_1_170' title='bbox 827 2769 965 2849; x_wconf 82' lang='grc' dir='ltr'><strong><em>στείδην</em></strong></span> <span class='ocrx_word' id='word_1_171' title='bbox 992 2769 1100 2853; x_wconf 85' lang='grc' dir='ltr'><strong><em>μόνον</em></strong></span> <span class='ocrx_word' id='word_1_172' title='bbox 1130 2769 1270 2837; x_wconf 78' lang='grc' dir='ltr'><strong><em>οίκοίσαι</em></strong></span> <span class='ocrx_word' id='word_1_173' title='bbox 1305 2773 1363 2834; x_wconf 84' lang='grc' dir='ltr'><strong><em>καὶ</em></strong></span> 
     </span>
     <span class='ocr_line' id='line_1_23' title="bbox 236 2871 1364 2960; baseline 0.001 -24"><span class='ocrx_word' id='word_1_174' title='bbox 236 2874 342 2957; x_wconf 76' lang='grc' dir='ltr'><strong><em>μοροῖν</em></strong></span> <span class='ocrx_word' id='word_1_175' title='bbox 356 2872 391 2937; x_wconf 82' lang='grc' dir='ltr'><strong><em>ἐν</em></strong></span> <span class='ocrx_word' id='word_1_176' title='bbox 413 2880 482 2945; x_wconf 88' lang='grc' dir='ltr'><strong><em>τοῖς</em></strong></span> <span class='ocrx_word' id='word_1_177' title='bbox 499 2871 692 2951; x_wconf 78' lang='grc' dir='ltr'><strong><em>Ἀθηναίοις</em></strong></span> <span class='ocrx_word' id='word_1_178' title='bbox 707 2872 774 2960; x_wconf 72' lang='grc' dir='ltr'><strong><em>ἔφη</em></strong></span> <span class='ocrx_word' id='word_1_179' title='bbox 825 2871 1083 2955; x_wconf 85' lang='grc' dir='ltr'><strong><em>συνδοκιμάσαι.</em></strong></span> <span class='ocrx_word' id='word_1_180' title='bbox 1159 2872 1364 2960; x_wconf 70' lang='grc' dir='ltr'><strong><em>(δράσαντος</em></strong></span> 
     </span>
     <span class='ocr_line' id='line_1_24' title="bbox 237 2971 1363 3065; baseline -0.002 -26"><span class='ocrx_word' id='word_1_181' title='bbox 237 2974 315 3039; x_wconf 75' lang='grc' dir='ltr'><strong><em>τινα</em></strong></span> <span class='ocrx_word' id='word_1_182' title='bbox 346 2971 467 3058; x_wconf 77' lang='grc' dir='ltr'><strong><em>πρᾶξιν</em></strong></span> <span class='ocrx_word' id='word_1_183' title='bbox 497 2973 582 3060; x_wconf 71' lang='grc' dir='ltr'><strong><em>ἔχειν</em></strong></span> <span class='ocrx_word' id='word_1_184' title='bbox 606 2971 775 3064; x_wconf 75' lang='grc' dir='ltr'><strong><em>αίεῃέλιμον</em></strong></span> <span class='ocrx_word' id='word_1_185' title='bbox 827 2978 862 3041; x_wconf 80' lang='grc' dir='ltr'><strong><em>δὲ</em></strong></span> <span class='ocrx_word' id='word_1_186' title='bbox 893 2977 939 3058; x_wconf 76' lang='grc' dir='ltr'><strong><em>τῷ</em></strong></span> <span class='ocrx_word' id='word_1_187' title='bbox 967 2972 1151 3065; x_wconf 72' lang='grc' dir='ltr'><strong><em>Ἀριστείδῃ</em></strong></span> <span class='ocrx_word' id='word_1_188' title='bbox 1179 2977 1237 3039; x_wconf 83' lang='grc' dir='ltr'><strong><em>τοῦ</em></strong></span> <span class='ocrx_word' id='word_1_189' title='bbox 1261 2975 1363 3059; x_wconf 81' lang='grc' dir='ltr'><strong><em>Θεμι-</em></strong></span> 
     </span>
     <span class='ocr_line' id='line_1_25' title="bbox 234 3072 1364 3163; baseline 0 -24"><span class='ocrx_word' id='word_1_190' title='bbox 234 3080 295 3159; x_wconf 79' lang='grc' dir='ltr'><strong><em>μὲν</em></strong></span> <span class='ocrx_word' id='word_1_191' title='bbox 304 3073 416 3151; x_wconf 74' lang='grc' dir='ltr'><strong><em>αὐτοῖς</em></strong></span> <span class='ocrx_word' id='word_1_192' title='bbox 425 3078 482 3139; x_wconf 82' lang='grc' dir='ltr'><strong><em>καί</em></strong></span> <span class='ocrx_word' id='word_1_193' title='bbox 491 3074 774 3163; x_wconf 73' lang='grc' dir='ltr'><strong><em>σωτήριονοίπόρ-</em></strong></span> <span class='ocrx_word' id='word_1_194' title='bbox 825 3077 1020 3155; x_wconf 82' lang='grc' dir='ltr'><strong><em>στοκλὲους,</em></strong></span> <span class='ocrx_word' id='word_1_195' title='bbox 1042 3072 1083 3150; x_wconf 78' lang='grc' dir='ltr'><strong><em>ὡς</em></strong></span> <span class='ocrx_word' id='word_1_196' title='bbox 1105 3079 1293 3141; x_wconf 85' lang='grc' dir='ltr'><strong><em>διανοεῖται</em></strong></span> <span class='ocrx_word' id='word_1_197' title='bbox 1306 3075 1364 3140; x_wconf 83' lang='grc' dir='ltr'><strong><em>τὸν</em></strong></span> 
     </span>
     <span class='ocr_line' id='line_1_26' title="bbox 235 3178 1363 3262; baseline 0.002 -22"><span class='ocrx_word' id='word_1_198' title='bbox 235 3199 341 3262; x_wconf 81' lang='grc' dir='ltr'><strong><em>ρῃτον</em></strong></span> <span class='ocrx_word' id='word_1_199' title='bbox 363 3178 399 3242; x_wconf 78' lang='grc' dir='ltr'><strong><em>δὲ</em></strong></span> <span class='ocrx_word' id='word_1_200' title='bbox 422 3179 600 3261; x_wconf 80' lang='grc' dir='ltr'><strong><em>πρόςτοτίς</em></strong></span> <span class='ocrx_word' id='word_1_201' title='bbox 622 3180 775 3254; x_wconf 81' lang='grc' dir='ltr'><strong><em>πολλούς.</em></strong></span> <span class='ocrx_word' id='word_1_202' title='bbox 825 3178 1053 3261; x_wconf 74' lang='grc' dir='ltr'><strong><em>ναυσταθμον</em></strong></span> <span class='ocrx_word' id='word_1_203' title='bbox 1088 3178 1257 3262; x_wconf 78' lang='grc' dir='ltr'><strong><em>ἐμπρῆσαι</em></strong></span> <span class='ocrx_word' id='word_1_204' title='bbox 1298 3181 1363 3242; x_wconf 83' lang='grc' dir='ltr'><strong><em>τῶν</em></strong></span> 
     </span>
     <span class='ocr_line' id='line_1_27' title="bbox 240 3264 1363 3371; baseline 0.003 -31"><span class='ocrx_word' id='word_1_205' title='bbox 240 3278 312 3340; x_wconf 84' lang='grc' dir='ltr'><strong><em>Τών</em></strong></span> <span class='ocrx_word' id='word_1_206' title='bbox 336 3280 371 3342; x_wconf 74' lang='grc' dir='ltr'><strong><em>δὲ</em></strong></span> <span class='ocrx_word' id='word_1_207' title='bbox 384 3275 570 3356; x_wconf 77' lang='grc' dir='ltr'><strong><em>Ἀθηναίων</em></strong></span> <span class='ocrx_word' id='word_1_208' title='bbox 590 3277 773 3371; x_wconf 79' lang='grc' dir='ltr'><strong><em>Ἀριστείδῃ</em></strong></span> <span class='ocrx_word' id='word_1_209' title='bbox 824 3279 1001 3359; x_wconf 78' lang='grc' dir='ltr'><strong><em>Ἑλλήνων,</em></strong></span> <span class='ocrx_word' id='word_1_210' title='bbox 1016 3275 1104 3343; x_wconf 81' lang='grc' dir='ltr'><strong><em>οὕτω</em></strong></span> <span class='ocrx_word' id='word_1_211' title='bbox 1126 3281 1191 3364; x_wconf 77' lang='grc' dir='ltr'><strong><em>ῃοίρ</em></strong></span> <span class='ocrx_word' id='word_1_212' title='bbox 1217 3264 1363 3344; x_wconf 71' lang='grc' dir='ltr'><strong><em>ἔσεσθαι</em></strong></span> 
     </span>
     <span class='ocr_line' id='line_1_28' title="bbox 235 3377 1361 3467; baseline 0.003 -27"><span class='ocrx_word' id='word_1_213' title='bbox 235 3378 327 3467; x_wconf 78' lang='grc' dir='ltr'><strong><em>μόνῳ</em></strong></span> <span class='ocrx_word' id='word_1_214' title='bbox 347 3377 477 3466; x_wconf 52' lang='grc' dir='ltr'><strong><em>σιροίσαι</em></strong></span> <span class='ocrx_word' id='word_1_215' title='bbox 493 3380 697 3448; x_wconf 75' lang='grc' dir='ltr'><strong><em>κελευόντων</em></strong></span> <span class='ocrx_word' id='word_1_216' title='bbox 711 3378 775 3448; x_wconf 82' lang='grc' dir='ltr'><strong><em>κοίν</em></strong></span> <span class='ocrx_word' id='word_1_217' title='bbox 824 3379 1003 3466; x_wconf 69' lang='grc' dir='ltr'><strong><em>μεγίστους</em></strong></span> <span class='ocrx_word' id='word_1_218' title='bbox 1022 3380 1077 3443; x_wconf 85' lang='grc' dir='ltr'><strong><em>καί</em></strong></span> <span class='ocrx_word' id='word_1_219' title='bbox 1101 3379 1232 3466; x_wconf 83' lang='grc' dir='ltr'><strong><em>κυρίους</em></strong></span> <span class='ocrx_word' id='word_1_220' title='bbox 1253 3378 1361 3444; x_wconf 76' lang='grc' dir='ltr'><strong><em>ἁπάν-</em></strong></span> 
     </span>
     <span class='ocr_line' id='line_1_29' title="bbox 235 3478 1362 3572; baseline 0.004 -31"><span class='ocrx_word' id='word_1_221' title='bbox 235 3478 359 3555; x_wconf 77' lang='grc' dir='ltr'><strong><em>ίκείνος</em></strong></span> <span class='ocrx_word' id='word_1_222' title='bbox 389 3481 557 3572; x_wconf 78' lang='grc' dir='ltr'><strong><em>δοκιμάσῃ</em></strong></span> <span class='ocrx_word' id='word_1_223' title='bbox 597 3484 774 3568; x_wconf 73' lang='grc' dir='ltr'><strong><em>περαίνειν,</em></strong></span> <span class='ocrx_word' id='word_1_224' title='bbox 829 3507 893 3547; x_wconf 83' lang='grc' dir='ltr'><strong><em>ταν</em></strong></span> <span class='ocrx_word' id='word_1_225' title='bbox 908 3482 984 3558; x_wconf 82' lang='grc' dir='ltr'><strong><em>τούς</em></strong></span> <span class='ocrx_word' id='word_1_226' title='bbox 998 3481 1214 3562; x_wconf 75' lang='grc' dir='ltr'><strong><em>Ἀθηναίους,</em></strong></span> <span class='ocrx_word' id='word_1_227' title='bbox 1238 3483 1362 3566; x_wconf 82' lang='grc' dir='ltr'><strong><em>παρελ-</em></strong></span> 
     </span>
     <span class='ocr_line' id='line_1_30' title="bbox 238 3578 1362 3672; baseline 0.001 -27"><span class='ocrx_word' id='word_1_228' title='bbox 238 3578 256 3645; x_wconf 89' lang='grc' dir='ltr'>ὁ</span> <span class='ocrx_word' id='word_1_229' title='bbox 291 3588 367 3664; x_wconf 20' lang='grc' dir='ltr'><strong><em>μὲν,</em></strong></span> <span class='ocrx_word' id='word_1_230' title='bbox 385 3583 616 3669; x_wconf 74' lang='grc' dir='ltr'><strong><em>Θεμιστοκλῆς</em></strong></span> <span class='ocrx_word' id='word_1_231' title='bbox 645 3583 773 3672; x_wconf 74' lang='grc' dir='ltr'><strong><em>ἔφρασε</em></strong></span> <span class='ocrx_word' id='word_1_232' title='bbox 829 3581 962 3660; x_wconf 78' lang='grc' dir='ltr'><strong><em>δαίνείς</em></strong></span> <span class='ocrx_word' id='word_1_233' title='bbox 979 3583 1038 3649; x_wconf 83' lang='grc' dir='ltr'><strong><em>τόν</em></strong></span> <span class='ocrx_word' id='word_1_234' title='bbox 1054 3586 1160 3666; x_wconf 74' lang='grc' dir='ltr'><strong><em>δῆμον</em></strong></span> <span class='ocrx_word' id='word_1_235' title='bbox 1176 3581 1362 3668; x_wconf 79' lang='grc' dir='ltr'><strong><em>ὁἉριστεί-</em></strong></span> 
     </span>
     <span class='ocr_line' id='line_1_31' title="bbox 238 3681 1361 3773; baseline 0.004 -27"><span class='ocrx_word' id='word_1_236' title='bbox 238 3684 282 3770; x_wconf 75' lang='grc' dir='ltr'><strong><em>τῷ</em></strong></span> <span class='ocrx_word' id='word_1_237' title='bbox 299 3681 485 3771; x_wconf 77' lang='grc' dir='ltr'><strong><em>Ἀριστείδῃ</em></strong></span> <span class='ocrx_word' id='word_1_238' title='bbox 502 3686 542 3752; x_wconf 86' lang='grc' dir='ltr'>τὸ</span> <span class='ocrx_word' id='word_1_239' title='bbox 560 3687 695 3771; x_wconf 83' lang='grc' dir='ltr'><strong><em>νεώριον</em></strong></span> <span class='ocrx_word' id='word_1_240' title='bbox 717 3688 773 3771; x_wconf 83' lang='grc' dir='ltr'><strong><em>ε’μ-</em></strong></span> <span class='ocrx_word' id='word_1_241' title='bbox 827 3690 888 3766; x_wconf 84' lang='grc' dir='ltr'><strong><em>δης</em></strong></span> <span class='ocrx_word' id='word_1_242' title='bbox 905 3685 971 3773; x_wconf 74' lang='grc' dir='ltr'><strong><em>ἔφη</em></strong></span> <span class='ocrx_word' id='word_1_243' title='bbox 990 3688 1047 3764; x_wconf 80' lang='grc' dir='ltr'><strong><em>τῆς</em></strong></span> <span class='ocrx_word' id='word_1_244' title='bbox 1066 3682 1223 3769; x_wconf 82' lang='grc' dir='ltr'><strong><em>ιιροίξεως,</em></strong></span> <span class='ocrx_word' id='word_1_245' title='bbox 1241 3684 1285 3765; x_wconf 79' lang='grc' dir='ltr'><strong><em>ἣν</em></strong></span> <span class='ocrx_word' id='word_1_246' title='bbox 1301 3686 1361 3750; x_wconf 78' lang='grc' dir='ltr'><strong><em>Θε-</em></strong></span> 
     </span>
     <span class='ocr_line' id='line_1_32' title="bbox 237 3776 1362 3872; baseline 0.002 -24"><span class='ocrx_word' id='word_1_247' title='bbox 237 3790 365 3868; x_wconf 77' lang='grc' dir='ltr'><strong><em>πρήσαι</em></strong></span> <span class='ocrx_word' id='word_1_248' title='bbox 380 3790 601 3853; x_wconf 79' lang='grc' dir='ltr'><strong><em>διανοεῖσθαι</em></strong></span> <span class='ocrx_word' id='word_1_249' title='bbox 624 3792 689 3854; x_wconf 77' lang='grc' dir='ltr'><strong><em>τῶν</em></strong></span> <span class='ocrx_word' id='word_1_250' title='bbox 705 3790 773 3854; x_wconf 86' lang='grc' dir='ltr'><strong><em>Ἐλ-</em></strong></span> <span class='ocrx_word' id='word_1_251' title='bbox 824 3776 1013 3871; x_wconf 73' lang='grc' dir='ltr'><strong><em>μιστδκλῆς</em></strong></span> <span class='ocrx_word' id='word_1_252' title='bbox 1029 3788 1193 3872; x_wconf 85' lang='grc' dir='ltr'><strong><em>ιτροίττειν</em></strong></span> <span class='ocrx_word' id='word_1_253' title='bbox 1215 3792 1362 3855; x_wconf 85' lang='grc' dir='ltr'><strong><em>διανοεί-</em></strong></span> 
     </span>
     <span class='ocr_line' id='line_1_33' title="bbox 238 3884 1361 3975; baseline 0.003 -24"><span class='ocrx_word' id='word_1_254' title='bbox 238 3884 365 3969; x_wconf 80' lang='grc' dir='ltr'><strong><em>λήνωυ,</em></strong></span> <span class='ocrx_word' id='word_1_255' title='bbox 397 3886 411 3949; x_wconf 85' lang='grc' dir='ltr'>ὁ</span> <span class='ocrx_word' id='word_1_256' title='bbox 441 3892 470 3955; x_wconf 85' lang='grc' dir='ltr'><strong><em>δ’</em></strong></span> <span class='ocrx_word' id='word_1_257' title='bbox 502 3886 548 3965; x_wconf 87' lang='grc' dir='ltr'><strong><em>είς</em></strong></span> <span class='ocrx_word' id='word_1_258' title='bbox 578 3890 637 3955; x_wconf 79' lang='grc' dir='ltr'><strong><em>τόν</em></strong></span> <span class='ocrx_word' id='word_1_259' title='bbox 665 3895 774 3974; x_wconf 78' lang='grc' dir='ltr'><strong><em>δῆμον</em></strong></span> <span class='ocrx_word' id='word_1_260' title='bbox 827 3915 881 3956; x_wconf 92' lang='grc' dir='ltr'><strong><em>ται</em></strong></span> <span class='ocrx_word' id='word_1_261' title='bbox 901 3892 985 3971; x_wconf 81' lang='grc' dir='ltr'><strong><em>μήτε</em></strong></span> <span class='ocrx_word' id='word_1_262' title='bbox 1007 3890 1279 3975; x_wconf 83' lang='grc' dir='ltr'><strong><em>λυσιτελεστέραν</em></strong></span> <span class='ocrx_word' id='word_1_263' title='bbox 1301 3887 1361 3954; x_wconf 84' lang='grc' dir='ltr'><strong><em>ἄλ-</em></strong></span> 
     </span>
     <span class='ocr_line' id='line_1_34' title="bbox 237 3980 1362 4077; baseline 0 -26"><span class='ocrx_word' id='word_1_264' title='bbox 237 3990 423 4070; x_wconf 74' lang='grc' dir='ltr'><strong><em>παρελθών</em></strong></span> <span class='ocrx_word' id='word_1_265' title='bbox 439 3988 519 4077; x_wconf 70' lang='grc' dir='ltr'><strong><em>ἔφη,</em></strong></span> <span class='ocrx_word' id='word_1_266' title='bbox 537 3995 593 4071; x_wconf 76' lang='grc' dir='ltr'><strong><em>τῆς</em></strong></span> <span class='ocrx_word' id='word_1_267' title='bbox 610 3990 773 4077; x_wconf 79' lang='grc' dir='ltr'><strong><em>πράξεως,</em></strong></span> <span class='ocrx_word' id='word_1_268' title='bbox 827 3997 888 4070; x_wconf 81' lang='grc' dir='ltr'><strong><em>λῃν</em></strong></span> <span class='ocrx_word' id='word_1_269' title='bbox 924 3991 996 4077; x_wconf 81' lang='grc' dir='ltr'><strong><em>μετ’</em></strong></span> <span class='ocrx_word' id='word_1_270' title='bbox 1028 3987 1236 4075; x_wconf 84' lang='grc' dir='ltr'><strong><em>οίδικοίτεραν</em></strong></span> <span class='ocrx_word' id='word_1_271' title='bbox 1266 3980 1362 4055; x_wconf 81' lang='grc' dir='ltr'><strong><em>εἶναι.</em></strong></span> 
     </span>
     <span class='ocr_line' id='line_1_35' title="bbox 238 4085 1362 4180; baseline 0.003 -27"><span class='ocrx_word' id='word_1_272' title='bbox 238 4085 280 4169; x_wconf 73' lang='grc' dir='ltr'><strong><em>ἢν</em></strong></span> <span class='ocrx_word' id='word_1_273' title='bbox 294 4090 480 4157; x_wconf 81' lang='grc' dir='ltr'><strong><em>διανοεῖται</em></strong></span> <span class='ocrx_word' id='word_1_274' title='bbox 497 4093 657 4180; x_wconf 82' lang='grc' dir='ltr'><strong><em>πράττειν</em></strong></span> <span class='ocrx_word' id='word_1_275' title='bbox 673 4094 691 4160; x_wconf 89' lang='grc' dir='ltr'>ὁ</span> <span class='ocrx_word' id='word_1_276' title='bbox 709 4096 773 4161; x_wconf 82' lang='grc' dir='ltr'><strong><em>Θε·</em></strong></span> <span class='ocrx_word' id='word_1_277' title='bbox 832 4097 934 4161; x_wconf 84' lang='grc' dir='ltr'><strong><em>Ταῦτ’</em></strong></span> <span class='ocrx_word' id='word_1_278' title='bbox 965 4092 1172 4170; x_wconf 79' lang='grc' dir='ltr'><strong><em>ἀκούσαντες</em></strong></span> <span class='ocrx_word' id='word_1_279' title='bbox 1199 4097 1232 4159; x_wconf 89' lang='grc' dir='ltr'><strong><em>οί</em></strong></span> <span class='ocrx_word' id='word_1_280' title='bbox 1260 4090 1362 4174; x_wconf 73' lang='grc' dir='ltr'><em>Ἀθη-</em></span> 
     </span>
    </p>
   </div>
   <div class='ocr_carea' id='block_1_6' title="bbox 0 0 1596 4906">
    <p class='ocr_par' dir='ltr' id='par_1_6' title="bbox 0 0 1596 4906">
     <span class='ocr_line' id='line_1_36' title="bbox 0 0 1596 4906; baseline 0 0"><span class='ocrx_word' id='word_1_281' title='bbox 0 0 1596 4906; x_wconf 95' lang='lat' dir='ltr'><strong><em> </em></strong></span> 
     </span>
    </p>
   </div>
  </div>
 </body>
</html>
