3182 4906
669 474 889 540 ..31-

216 648 396 733 gnovimus,
419 647 513 714 nobis
536 647 763 745 necessitatem
779 645 910 712 Wolffio
933 647 1134 715 assentiendi
1159 648 1341 732 imponunt,

216 752 337 836 quippe
376 752 432 834 qui
460 749 626 815 Herodoto
667 770 797 831 quoque
833 755 966 815 auctore
1002 749 1212 815 Plutarchum
1247 771 1342 813 usum

216 874 286 918 esse
315 854 468 918 censeat?
498 857 595 918 tanta
625 852 711 915 enim
741 856 791 915 est
814 850 1008 934 similitudo,
1037 858 1075 916 ut
1102 874 1168 917 non
1200 857 1341 933 statuere

215 956 313 1021 liceat
335 977 406 1019 eam
428 977 465 1020 1ο
489 961 635 1021 exortam
659 974 739 1037 esse,
763 955 851 1036 quod
872 953 926 1019 hic
948 954 990 1020 ab
1014 953 1119 1020 altero
1143 975 1202 1019 sua
1217 959 1342 1019 mutua-

215 1064 322 1140 retur,
353 1059 410 1141 qui
432 1059 503 1141 ipse
524 1056 725 1121 Herodotum
746 1056 894 1121 imitatus
924 1061 1066 1137 1111119).
1109 1057 1210 1121 Paulo
1234 1060 1343 1121 autem
1438 1128 1442 1135 ,

214 1162 321 1225 minus
352 1161 394 1225 ad
423 1161 668 1244 persuasionem
697 1161 840 1241 appositi
863 1160 892 1223 ei
914 1160 976 1224 loci
1005 1165 1098 1243 sunt,
1129 1160 1248 1242 quibus
1269 1159 1342 1223 Plu-

218 1264 351 1328 tarchus
375 1284 448 1326 cum
470 1261 635 1327 Herodoto
658 1282 725 1325 non
746 1262 872 1346 verbis,
900 1260 958 1325 sed
987 1260 1084 1327 rebus
1114 1267 1244 1326 tantum
1267 1282 1341 1326 con·

216 1365 323 1447 cinat3
362 1365 419 1430 sed
448 1386 489 1429 ne
517 1365 571 1428 hio
600 1364 731 1446 quidem
758 1364 934 1446 quicquam
957 1369 1022 1446 est,
1053 1385 1110 1428 our
1139 1363 1226 1427 huno
1255 1361 1342 1427 illius

215 1473 380 1531 auctorem
402 1467 502 1532 fuisse
523 1488 686 1550 negemus.
730 1465 830 1549 Nam,
852 1473 952 1549 prout
973 1467 1003 1530 ei
1024 1466 1115 1550 libet,
1137 1465 1343 1532 Plutarchus·

215 1570 284 1633 eius
307 1570 406 1634 verba
434 1591 521 1634 nunc
550 1571 666 1634 retinet
689 1590 775 1634 nuno
798 1568 840 1634 ab
863 1570 909 1633 eis
931 1570 1006 1652 plus
1028 1570 1174 1633 minusve
1197 1568 1333 1633 discedit

215 1671 263 1735 De
287 1671 333 1736 eis
355 1693 430 1737 vero
453 1671 544 1755 locis,
567 1671 685 1755 quibus
700 1670 897 1735 Plutarchus
919 1692 961 1735 ne
983 1670 1078 1735 rebus
1101 1670 1232 1753 quidem
1251 1693 1343 1756 pror·

215 1796 269 1838 sus
302 1795 374 1847 cum
396 1773 563 1838 Herodoto
591 1774 755 1857 concinat,
786 1773 828 1837 ad
850 1778 975 1837 certum
991 1770 1153 1853 ,iudicium
1174 1775 1344 1858 pervenire
1446 1783 1449 1788 '
1512 1852 1516 1863 ⁴

214 1875 271 1940 vix
301 1897 490 1960 possumus3
520 1876 613 1940 illum
646 1876 732 1961 enim
760 1895 918 1958 perquam
946 1875 1151 1958 negligenter
1177 1875 1344 1941 interdum

206 1976 321 2042 *fontes
345 1998 419 2041 suos
442 1979 650 2060 exscripsisse
673 1984 804 2043 constat
826 1977 878 2058 (of.
900 1998 974 2060 pag.
996 1977 1110 2059 21)²⁰)‚
1132 1977 1344 2060 quamobrem

172 2106 177 2112 ⁴
217 2078 306 2143 hand
329 2099 456 2163 semper
477 2079 593 2163 liquet,
615 2087 723 2145 utrum
743 2079 936 2145 Plutarchus
951 2079 1015 2144 illis
1030 2078 1108 2144 locis
1123 2078 1344 2163 negligentiae

218 2181 421 2247 accusandus
454 2182 558 2247 sitan
581 2183 712 2273 omnino
735 2203 808 2251 non
822 2181 1043 2265 Herodotum,
1066 2180 1245 2246 sodalium
1268 2181 1344 2245 sori-

215 2288 342 2365 ptorem
368 2287 534 2365 sequatur.
570 2283 654 2347 Nam
669 2305 741 2348 eum
755 2305 819 2349 non
835 2282 1002 2349 Herodoto
1020 2305 1085 2347 uno
1102 2288 1234 2347 auctore
1249 2305 1344 2347 usum
1429 2331 1432 2337 -

216 2406 287 2450 esse
309 2386 381 2449 luce
404 2384 524 2449 clarius
547 2392 613 2467 est,
645 2386 798 2469 quoniam
821 2385 986 2467 permulta
1007 2385 1125 2468 tradit,
1150 2405 1233 2467 quae
1256 2384 1343 2467 apud
1408 2453 1413 2457 ,

218 2487 304 2551 hunc
333 2509 399 2552 non
429 2493 576 2563 exstant3
607 2487 719 2571 itaque
749 2486 896 2553 Wolffius
927 2486 1058 2569 quidem
1090 2482 1343 2571 (1111441111-

217 2589 329 2653 stimat
357 2610 397 2652 ex
418 2589 681 2674 Atthidographo
712 2590 854 2672 quodam
883 2591 962 2653 item
992 2589 1097 2653 multa
1130 2589 1343 2653 Plutarchum

216 2692 373 2756 hausisse.
416 2691 715 2774 Reprehendendus
745 2698 854 2755 antem
882 2692 932 2755 vir
963 2690 1075 2755 doctus
1103 2691 1183 2756 mihi
1205 2690 1343 2774 videtur,

216 2793 305 2877 quod
336 2792 471 2859 Diodori
502 2792 747 2859 narrationibus
776 2794 932 2876 neglectis
963 2791 1044 2858 illud
1073 2791 1135 2858 sibi
1169 2792 1344 2878 persuasit3

218 2917 323 2981 pauca
352 2895 437 2960 enim
469 2896 556 2979 apud
585 2896 672 2960 hunc
703 2903 794 2980 sunt,
825 2916 909 2976 quae
944 2896 986 2960 ad
1014 2896 1212 2963 Plutarchea
1242 2915 1344 2978 prope

219 2999 395 3064 accedunt:

217 3134 328 3198 Them.
351 3156 376 3197 c.
402 3127 756 3223 1211111111111Ξέρ-
808 3133 902 3197 Diod.
932 3132 996 3215 IX,
1028 3134 1083 3196 ll:
1114 3131 1250 3208 είθύς
1273 3117 1345 3197 οὖν

218 3233 276 3315 §nr
304 3232 346 3311 ὠς
377 3235 436 3298 ἀπ’
473 3233 605 3312 εὐνοίας
641 3238 756 3320 λελεγ-
811 3233 855 3298 τό
880 3232 1345 3321 τῶνΑἱγυπτὶωνυαυ-

288 3494 330 3556 19)
348 3491 494 3562 Postquam
510 3491 578 3545 hanc
592 3510 649 3545 rem
662 3492 750 3545 denuo
769 3507 873 3545 mecum
890 3490 1020 3560 reputavi,
1040 3507 1109 3544 nunc
1127 3507 1179 3541 non
1197 3505 1267 3557 nego
1286 3505 1345 3540 eam

219 3595 275 3631 esse
295 3576 440 3630 admodum
453 3583 664 3642 controversam3
684 3577 794 3630 fortasse
809 3576 831 3629 si
849 3576 908 3647 quis
922 3593 982 3629 eam
995 3575 1154 3629 sententiam
1166 3573 1343 3645 amplectitur,

218 3679 300 3733 quam
317 3680 396 3734 supra
414 3669 568 3732 aspernatus
586 3681 654 3728 sum,
674 3680 727 3716 non
746 3669 786 3715 est
803 3662 1046 3732 reprehendendus.

287 3765 394 3831 2011111
417 3765 584 3837 exemplum,
605 3766 677 3836 quod
695 3764 750 3819 illio
768 3763 919 3829 attulimus,
940 3764 1069 3818 accedunt
1086 3762 1153 3828 alia,
1173 3781 1240 3834 quae
1259 3764 1346 3817 minus

219 3851 308 3905 valere
332 3869 387 3904 non
412 3851 548 3919 negarim
575 3869 599 3904 e.
626 3869 649 3904 1.
670 3850 829 3904 Plutarchus
852 3851 934 3904 Arist.
954 3869 976 3903 1.
999 3854 1031 3904 16
1048 3849 1114 3902 haec
1131 3849 1213 3903 verba
1237 3848 1347 3919 praebet

219 3941 245 3989 ἓν
267 3933 351 4004 τούτῳ
377 3935 415 4001 d’,
443 3937 477 3993 ὡς
496 3934 641 4005 Ἡρόδοτος
665 3940 779 4005 ἱστορεῖ,
809 3941 962 3995 Παυσανίας
982 3936 1177 4005 Ἀριστείδῃ
1201 3938 1346 4004 προσέφερε

220 4020 315 4089 λόγον,
341 4022 495 4076 Herodotus
514 4028 603 4075 autem
620 4022 677 4088 IX,
702 4027 736 4078 46
753 4023 879 4079 Aristidis
898 4039 996 4077 nomen
1020 4022 1118 4076 omisit.
1144 4023 1285 4076 Praeterea
1309 4020 1342 4074 ol.

220 4127 262 4174 ea,
281 4125 351 4181 quae
370 4107 528 4163 Sinteuisius
546 4108 608 4164 adn.
628 4108 663 4163 ad
680 4108 772 4162 Them.
794 4127 817 4162 o.
837 4110 869 4162 21
887 4108 946 4163 init.
