3182 4906
5 3250 74 3663 l

5 3668 560 4767 l

684 520 893 589 -21-
988 462 991 468 <

313 691 413 759 Vides
439 691 527 776 apud
548 691 763 759 Plutarchum
785 693 1013 761 Themistoclis
1035 695 1132 761 nnius
1154 694 1351 762 mentionem

229 795 317 879 fieri3
339 803 408 862 tum
429 815 470 861 ne
492 794 527 859 in
541 799 725 878 temporum
738 796 868 879 quidem
882 797 1065 864 rationibus
1080 799 1255 883 scriptores
1278 819 1352 863 con-

231 899 339 963 cinere
353 897 514 963 ridentur.
540 896 629 974 Quae
650 918 726 963 uero
748 905 875 964 restant
896 897 969 963 ἐπεὶ
991 900 1027 964 δὲ
1049 902 1124 976 ταῖς
1145 899 1297 986 Ἀφέταις
1311 938 1350 948 -

231 1003 301 1075 τοῖς
322 998 399 1084 περὶ
421 994 480 1063 τὸν
500 994 712 1087 Εὐρυβιάδην
735 995 871 1081 ἔδωκεν,
894 1021 967 1066 cum
980 1002 1100 1067 Herod.
1117 1001 1204 1090 VIII,
1225 1003 1352 1087 4seqq.

230 1101 455 1183 consentiunt,
485 1102 549 1165 nisi
580 1102 669 1184 quod
696 1102 786 1186 apud
806 1093 1006 1170 Herodotsim
1030 1103 1147 1168 Graeci
1176 1111 1352 1188 nonanto,

229 1226 329 1288 quam
352 1202 591 1269 Euboeeusium
612 1206 768 1286 pecunias
783 1203 1017 1271 Themistocles
1037 1226 1110 1270 oum
1131 1226 1244 1270 eorum
1265 1205 1353 1270 duci·

227 1307 288 1373 bus
318 1305 582 1389 communicavit,
614 1305 678 1370 200
706 1327 804 1371 naues
836 1328 935 1392 supra
957 1305 1134 1391 Scyathum
1162 1306 1352 1372 abarbaris

228 1409 348 1473 missas
378 1428 449 1471 esse
480 1408 644 1507 accipiunt
666 1427 772 1573 nequle
801 1415 919 1473 cuncta
941 1409 1080 1493 triginta
1117 1408 1256 1492 talento,
1295 1408 1353 1472 sed

228 1513 373 1595 quinque
403 1516 476 1575 ttan
478 1532 533 1574 um
562 1509 797 1575 Themistocles
826 1508 1006 1594 Eurybiadi
1036 1510 1148 1575 tradit
1202 1509 1352 1575 Ceterum

227 1613 435 1705 Pelagontis
448 1633 583 1696 nomen,
617 1613 703 1695 quod
736 1611 823 1695 apud
849 1613 996 1678 Herodot
982 1619 1050 1678 tum
1081 1634 1147 1690 non
1177 1617 1302 1693 exstat,
1335 1633 1352 1675 e
1443 1656 1446 1661 -

226 1715 355 1781 Phania
376 1713 494 1780 Lesbio
517 1737 537 1779 a
558 1715 635 1780 Plut
637 1713 816 1781 arehot
759 1714 828 1799 peti
829 1723 897 1779 tum
920 1734 990 1780 esse
1004 1713 1152 1781 Wolffius
1169 1714 1352 1798 suspicatus

228 1822 278 1882 est
308 1816 368 1898 (De
395 1817 465 1883 vita
494 1816 722 1885 Themistoclis
751 1816 1069 1930 p.16).--Qnod
1098 1815 1139 1879 ad
1169 1817 1353 1899 proximum

139 1936 146 1943 “
229 1918 335 2005 (VIII)
364 1924 512 2002 caputa
514 1919 631 2002 ttinet,
661 1918 787 2003 proelia
819 1918 908 2002 apud
935 1917 998 1983 Art
984 1916 1148 1983 temisium
1182 1919 1353 1982 commissa

227 2019 317 2105 haud
344 2019 484 2085 multum
513 2020 554 2084 ad
578 2040 735 2085 summam
756 2019 836 2084 belli
858 2019 1093 2085 decernendam
1116 2020 1290 2084 contulisse
1312 2039 1352 2083 ex

133 2157 134 2160 ι
226 2122 386 2187 Herodoti
414 2140 544 2205 quoque
565 2123 586 2187 l.
608 2120 689 2206 VH,
721 2121 758 2184 11
783 2126 816 2185 et
841 2120 916 2202 16⁶)
939 2128 1085 2206 apparet.
1122 2119 1248 2186 Similia
1270 2120 1395 2212 haeo'⁸

228 2245 358 2308 quoque
379 2224 464 2289 inter
486 2243 520 2288 se
542 2229 653 2293 suntt,

226 2360 338 2425 Them.
361 2360 430 2423 c.9
461 2357 532 2422 'loir
552 2361 670 2440 μέντοι
687 2359 763 2444 περὶ
814 2359 934 2424 Herod.
957 2357 1052 2442 VIII,
1080 2359 1118 2422 21
1148 2344 1244 2433 οὗτος
1265 2355 1353 2423 ωνὸ

229 2459 453 2553 Θερμοπύλας
481 2452 529 2534 εἰς
557 2457 596 2524 τό
620 2458 761 2544 Ἀρτεαί-
813 2459 1000 2548 Ἁβρώνιχος
1043 2452 1249 2544 αἰιικιιμενός
1291 2481 1354 2550 σφι

228 2574 305 2627 σιον
332 2557 623 2649 ἀπαγγελθέντων
652 2560 762 2627 codd·
813 2559 971 2642 ἐσήμαινε
1005 2560 1047 2625 τοί
1077 2559 1238 2646 γεγονότα
1277 2563 1354 2644 περὶ

227 2686 322 2748 μενοι
343 2660 528 2727 Λεωνίδαν
554 2686 590 2727 τε
618 2665 763 2728 κεῖσθαι
813 2661 990 2742 Λεωνίδην
1021 2663 1080 2725 καὶ
1107 2661 1168 2727 ιόν
1201 2660 1352 2744 στρατόν

228 2765 285 2828 καὶ
299 2774 438 2848 κρατεῖν
451 2759 578 2848 Ξέρξην
596 2772 657 2829 των
674 2765 762 2855 raud
814 2765 929 2830 αὐτοῦ.
969 2767 1000 2829 οἱ
1038 2767 1073 2830 δὲ
1106 2761 1147 2838 ὡς
1180 2760 1352 2828 ἐπύθοντο

227 2868 291 2951 γῆν
327 2866 537 2953 specterum)
582 2867 659 2933 εἴσω
704 2870 763 2944 τῆς
816 2871 922 2930 ταῦτα
961 2866 1072 2930 οιίκέτι
1114 2867 1146 2940 ἐς
1183 2865 1353 2954 α’ναβολιίς

225 2966 384 3045 Ἑλλάδος
419 2966 662 3051 α’νικομίζοντο
700 2991 763 3032 των
814 2967 985 3032 ἐποιεῦντο
1025 2965 1086 3044 τήν
1129 2963 1353 3053 αἰιοχώρησιν,

219 3068 460 3148 Ἀθηναίων’
445 3071 498 3136 επὶ
532 3071 615 3135 πᾶσι
644 3093 763 3154 rozoy·
814 3067 1016 3149 ἐκομίζοντο
1040 3070 1138 3134 δὲ-
1162 3064 1353 3134 tutatores

227 3171 347 3255 μένων.
815 3169 1006 3248 Ἀθηναῖοι

310 3293 349 3357 In
370 3292 416 3356 eis
440 3298 563 3373 autem,
586 3311 671 3373 quae
694 3290 947 3373 subsequuntur,
969 3287 1166 3353 Plutarchus
1189 3288 1230 3352 ab
1252 3288 1352 3353 Hero-

227 3393 305 3459 doto
335 3393 519 3478 paullulum
549 3392 706 3458 discedit·
699 3440 706 3474 ,
674 3392 824 3475 tquod
852 3391 938 3455 enim
965 3391 1022 3456 ille
1050 3398 1261 3473 praeceptum
1283 3410 1352 3454 esse

228 3496 308 3561 dicit
338 3493 465 3560 κακοῦν
492 3518 531 3559 το
523 3490 801 3582 βαρβαρικὸν’
786 3516 820 3557 εν
843 3496 916 3566 ταῖς
937 3491 1059 3578 μοι’χαις
1082 3492 1139 3555 καὶ
1162 3491 1353 3577 συνταράτ-

233 3619 317 3678 τειν,
339 3596 392 3661 hio
415 3599 509 3662 omitt
511 3598 538 3661 it
558 3596 626 3663 tria
646 3595 789 3661 scribens
808 3594 1059 3661 Themistoclem
1081 3593 1123 3658 ab
1144 3594 1278 3658 Ionibus
1300 3613 1354 3676 pe·

296 3857 324 3917 6)
296 3851 430 3906 6Verba
448 3850 515 3906 haec
531 3859 593 3907 sunt
616 3852 679 3913 τοὺς
697 3850 767 3906 δ’ἒν
741 3854 817 3922 ἒντῆ
836 3857 966 3920 νιαιμιιχίῃ
984 3845 1067 3920 ταύτῃ
1086 3847 1272 3919 ἐτεραλαέοις’
1258 3867 1352 3916 αγωνι-

229 3939 350 4006 ζομένους
364 3937 575 3996 νῦξόαελθοῦσα
588 3941 687 3991 διέλυσε
701 3947 728 3993 e
717 3945 764 3993 to
775 3935 858 4008 ταύτῃ
876 3940 908 4008 τῇ
927 3942 1057 4007 ναυμαχίη
1077 3933 1256 4008 uuoouIr'oeoo
1274 3932 1353 3999 ἀλλή·

228 4025 296 4074 λοισι
313 4028 439 4091 ἐνένωντο

296 4110 323 4175 7)
342 4109 382 4163 Cf
401 4109 484 4163 Diod.
505 4109 554 4175 XI,
577 4113 623 4165 13.
644 4114 669 4161 οἱ
681 4108 835 4174 ‘mpure’
821 4109 978 4167 ακούσαιτες
994 4129 1028 4160 τα
1045 4111 1103 4161 nent
1124 4110 1188 4177 Θιο)
1189 4105 1352 4173 ιοπειιαςγε-

230 4190 340 4263 νίμενα,
359 4191 510 4264 πυθόμενοι
528 4197 556 4246 δὲ
576 4198 618 4246 και
634 4195 697 4255 τοις
715 4201 822 4268 Πέρσας
839 4195 903 4266 πιζῆ
922 4214 988 4265 upon
983 4191 1046 4263 ἠιιν
1063 4197 1108 4250 ue
1124 4194 1172 4285 τὰς
1185 4191 1311 4260 Ἀθήνας
