3182 4906
677 493 779 557 „7
825 532 864 542 -

205 663 295 727 tione
316 663 447 747 petivit,
471 683 569 745 quam
592 684 677 728 nuno
698 665 785 729 Dion
807 685 892 732 nunc
913 664 1168 752 Phanorinnslss)
1191 668 1329 733 consori-

204 765 308 848 psisse
337 766 473 846 dicitur3
505 786 581 829 nam
604 772 715 831 auctor
737 766 822 849 eius,
845 768 994 851 quisquis
1017 766 1096 852 fuit,
1123 769 1330 834 Herodoteae

205 866 244 930 de
266 887 378 952 pugna
399 867 578 933 Salaminia
607 868 791 934 narrationi
824 868 1021 952 adstipulari
1051 891 1085 934 se
1107 891 1202 954 posse
1232 877 1330 954 negat

205 989 243 1032 ac
272 991 405 1052 prorsus
435 970 556 1035 eisdem
579 971 621 1034 ad
645 969 832 1036 Corinthios
863 969 1083 1041 defendendos
1106 972 1330 1055 sepulcrorum

204 1071 309 1136 titulis
332 1072 459 1153 nititur,
482 1093 564 1155 quos
586 1078 701 1137 auctor
724 1093 853 1156 quoque
875 1071 952 1135 libri
973 1072 1047 1155 περὶ
1071 1073 1128 1149 τῆς
1148 1070 1331 1156 Ἡροδότου

206 1170 419 1252 κακοηθείας
442 1176 724 1256 661111116111616127).
775 1174 846 1252 Qua
868 1174 907 1238 de
930 1194 1028 1238 causa
1049 1172 1231 1260 Lahmeyer
1259 1197 1329 1241 rem

205 1276 251 1339 sio
271 1274 335 1339 sihi
358 1274 524 1357 informat,
546 1282 583 1340 ut
606 1275 692 1341 hunc
712 1277 801 1360 „iam
819 1276 907 1341 illius
930 1275 1088 1341 orationis
1107 1278 1233 1341 auctori
1252 1283 1328 1342 ante

204 1378 314 1441 oculos
344 1377 551 1442 obversatum
579 1378 671 1442 esse“
699 1379 872 1443 existimet.
917 1378 999 1442 Tum
1026 1398 1101 1442 vero
1130 1378 1217 1444 idem
1248 1378 1329 1444 haec

203 1479 342 1562 profert:
372 1480 519 1562 „accedit
547 1500 664 1563 porro,
695 1480 785 1563 quod
813 1481 847 1543 in
880 1479 1023 1544 eiusdem
1053 1480 1140 1545 illius
1170 1481 1327 1546 orationis

204 1581 411 1666 paragrapho
427 1583 566 1666 septima
582 1580 783 1648 Herodotum
806 1589 920 1647 narrat
943 1578 1170 1669 [Phavorinus]
1193 1588 1329 1667 propter

204 1685 383 1767 praemium
400 1684 602 1749 recitationis
625 1705 646 1748 a
662 1683 840 1749 Corinthiis
863 1682 926 1747 sihi
948 1688 1134 1748 recusatum
1155 1684 1232 1749 huic
1253 1683 1328 1750 urbi

204 1786 359 1850 invidiam
380 1787 413 1850 in
435 1786 582 1851 historiis
605 1788 672 1850 suis
695 1784 868 1860 conflasse3
900 1806 996 1867 quern
1018 1786 1150 1868 quidem
1172 1785 1213 1850 de
1234 1807 1328 1870 prae·

204 1887 268 1952 mio
285 1888 445 1970 denegato
468 1909 633 1952 rumorem
654 1888 722 1952 veri
745 1887 849 1951 simile
864 1892 913 1950 est
926 1888 977 1952 vel
992 1886 1033 1951 ab
1052 1889 1123 1971 ipso
1141 1888 1326 1953 Phavorino

207 1991 257 2054 vel
278 1996 366 2053 certe
390 1988 431 2056 ab
453 1989 645 2072 aequalibus
668 1991 737 2055 eius
760 1987 932 2053 confictum
954 2009 1034 2073 esse,
1057 2011 1129 2055 curn
1152 1991 1191 2070 ei,
1214 1991 1271 2071 qui
1286 1989 1326 2054 de

203 2092 404 2175 malignitate
426 2091 586 2157 Herodoti
608 2092 803 2175 scripsisset,
825 2094 938 2156 notum
968 2091 1061 2155 illum
1090 2111 1160 2156 6666
1181 2091 1326 2156 nondum

203 2195 347 2276 potuisse
377 2202 523 2278 apparet.
569 2194 649 2260 Cum
671 2213 746 2258 vero
775 2191 932 2258 Herodoti
961 2192 1246 2275 reprehensionem
1268 2194 1325 2258 mi-

203 2298 288 2360 nirne
310 2296 413 2361 videri
442 2296 628 2378 aequalium
650 2295 800 2379 plausum
824 2295 934 2360 tulisse
957 2313 1057 2377 supra
1079 2295 1325 2380 ostenderimus,

201 2399 269 2493 veri
291 2404 341 2463 est
363 2398 562 2462 simillimum
584 2399 670 2461 inter
691 2397 922 2479 Phavorinum,
945 2398 1002 2478 qui
1024 2396 1126 2462 nihilo
1148 2399 1255 2462 minus
1277 2399 1325 2462 ni·

201 2506 290 2566 tatur
318 2521 357 2565 ea
382 2521 420 2564 ac
442 2500 580 2567 erimina
607 2499 653 2563 ibi
674 2501 868 2582 consignata
895 2499 945 2563 vel
975 2498 1151 2581 amplificet
1172 2499 1324 2582 interque

202 2610 368 2667 auctorem
395 2602 483 2667 illius
506 2602 610 2667 libelli
632 2602 904 2666 necessitudinem
927 2600 1071 2682 aliquam
1092 2600 1324 2667 interessisse“'.

287 2721 375 2798 Quae
398 2722 508 2787 omnia
538 2741 610 2785 cum
640 2721 689 2784 ita
711 2721 792 2802 sint,
820 2719 1001 2804 Lahmeyer
1031 2741 1089 2784 suo
1117 2720 1188 2784 iure
1217 2718 1326 2785 dicere

201 2823 263 2888 sibi
286 2824 462 2909 videtur28)
486 2828 519 2886 et
541 2822 676 2887 eandem
700 2823 789 2887 illius
812 2821 915 2886 libelli
938 2822 1107 2905 scriptoris
1131 2843 1229 2903 quam
1251 2821 1325 2887 Plu·

199 2926 308 2992 tarchi
329 2927 471 3009 patriam
493 2925 591 2990 luisse
613 2945 718 3007 neque
741 2946 781 2989 ex
801 2924 940 2988 internis
969 2925 1122 3007 temporis
1142 2923 1326 2990 rationrbus

200 3027 292 3110 sequi
316 3029 507 3111 quicquam,
531 3027 619 3111 quod
640 3025 837 3091 Plutareheo
865 3026 989 3090 nomini
1019 3031 1197 3110 repugnet,
1226 3026 1324 3092 immo

199 3129 381 3194 luculenter
403 3148 561 3213 apparere
584 3134 660 3193 ante
682 3128 797 3192 Diouis
820 3127 1041 3192 etPhavorini
1063 3127 1228 3192 orationes
1251 3148 1325 3193 eum

200 3233 419 3315 conscriptum
447 3252 516 3296 6666
545 3236 644 3314 atque
666 3230 743 3295 libri
766 3234 931 3293 auctorem
953 3249 1026 3293 curn
1049 3229 1233 3296 oratoribus
1257 3225 1326 3296 illis
1380 3306 1384 3313 ¹

200 3423 403 3431 ..Μ-

269 3525 313 3586 26)
333 3520 373 3574 cf.
393 3519 535 3590 Emporius
560 3519 612 3583 ,De
637 3523 703 3571 orat.
724 3517 842 3572 Corinth.
873 3518 939 3571 falso
963 3517 1046 3570 Dioni
1071 3517 1259 3588 chrysostomo
1282 3518 1328 3571 ad·
1378 3568 1381 3572 r

200 3606 309 3676 scripts‘
344 3606 442 3675 (progr.
469 3606 582 3658 Brunsv.
610 3607 695 3668 1832),
728 3603 803 3656 cuius
830 3603 989 3656 sententiam
1012 3602 1162 3674 Lahmeyer
1190 3603 1329 3674 amplexus

203 3698 251 3744 est.
273 3692 313 3745 cf.
334 3690 440 3743 Erschii
458 3699 486 3744 et
503 3689 618 3744 Gruberi
636 3687 736 3757 encycl.
756 3688 807 3741 vol.
829 3688 956 3752 LXXXI,
982 3705 1043 3758 pag.
1063 3692 1122 3752 441,
1149 3705 1176 3741 n.
1195 3691 1243 3742 28:
1263 3688 1326 3752 ‚Die

200 3776 381 3830 karinthisehe
401 3776 477 3828 Rede
495 3776 542 3828 des
559 3774 705 3843 Dionysius
722 3773 783 3827 Chr.
803 3773 857 3827 will
875 3773 1017 3843 Emperius
1034 3773 1097 3826 dem
1114 3772 1262 3826 Favorinus
1279 3791 1323 3827 zu-

202 3860 312 3930 eignen3
341 3879 369 3914 es
387 3861 421 3914 ist
439 3860 502 3913 aber
519 3860 580 3913 sehr
597 3860 734 3925 unsieher,
754 3876 851 3912 nurse
869 3857 921 3912 viel
939 3859 974 3911 ist
991 3858 1093 3928 genias,
1115 3855 1175 3911 dass
1193 3857 1231 3911 sie
1250 3858 1325 3911 nicht

199 3946 260 3999 dem
278 3947 313 4001 D.
334 3947 468 4017 gehoert.‘

267 4046 603 4118 mnqmouur
1521 4024 1570 4320 J

266 4152 454 4221 across·
