3182 4906
655 426 864 495 „33„⁴

155 662 158 663 ε
200 621 269 667 esse
293 607 468 685 appareat:
493 608 525 666 at
547 604 776 685 praeterquam
798 600 886 683 quod
909 602 1039 685 saepius
1063 601 1103 666 ab
1127 621 1164 668 eo
1179 600 1325 686 dissidet,

14 688 15 707 ί
90 738 94 743 -
198 724 275 770 raro
305 723 416 767 tamen
446 703 553 786 ipsum
584 703 702 769 laudat
732 698 865 785 eiusque
888 720 1006 767 nomen
1029 703 1107 767 data
1130 725 1229 788 opera
1251 724 1324 787 sup-

197 803 635 889 primit(Arist.lOubiin
657 825 700 868 re
724 804 772 868 ab
789 804 1005 870 Herodoto
1022 827 1185 888 quoque
1209 827 1327 870 enar·

199 913 296 971 rata
316 907 585 971 Idomeneum
607 912 758 971 testem
780 906 994 991 producit,
1017 908 1096 989 quin
1119 907 1219 973 etiam
1240 929 1328 972 men-

202 1008 287 1072 dacii
310 1030 383 1073 eum
405 1009 596 1073 insimulare
618 1029 683 1074 non
707 1007 838 1073 dubitat
858 1009 941 1073 Arit.
966 1008 1019 1092 19)
1041 1009 1130 1073 Haec
1145 1010 1227 1074 talia
1241 1016 1328 1092 sunt,

201 1113 235 1176 in
265 1110 385 1193 quibus
415 1116 580 1176 auctorem
609 1110 686 1176 libri
710 1110 793 1196 Περί
817 1114 875 1190 τῆς
896 1107 1092 1196 Ἡροδότου
1115 1109 1329 1190 κακοηθείας

205 1250 247 1259 —-
269 1211 366 1278 facile
388 1214 577 1296 agnoscas.“
620 1213 735 1295 Neque
756 1235 832 1278 vero
856 1214 940 1297 scio,
973 1234 1016 1279 an
1045 1213 1094 1276 vir
1124 1214 1238 1278 doctus
1268 1213 1330 1280 hoc

207 1314 338 1397 quidem
352 1315 422 1380 loco
435 1316 532 1399 longe
548 1338 567 1380 a
581 1337 657 1380 vero
675 1315 771 1400 absit,
793 1339 869 1382 narn
884 1338 923 1379 ex
939 1315 1045 1379 verbis
1061 1315 1095 1379 ἐν
1109 1316 1145 1381 δὲ
1162 1313 1206 1403 τῷ
1223 1312 1330 1401 ‹pnpi-

206 1439 310 1500 σματι
328 1418 386 1481 τοί
400 1414 604 1504 Ἀριστείδου
619 1417 828 1503 πρεσβευτής
843 1417 905 1482 οόκ
921 1415 1023 1492 ου’τός
1038 1416 1127 1482 etto
1143 1414 1260 1500 Κίμων
1273 1417 1332 1480 καὶ

205 1509 416 1595 Ξοίνθιππος
428 1520 483 1581 καί
493 1517 691 1603 Μυρωνίδης
703 1521 867 1608 φέρονται
880 1526 1019 1605 apparet
1032 1520 1239 1585 Idomeneum
1248 1518 1288 1583 ob
1297 1518 1332 1582 id

206 1621 413 1704 potissimum
436 1622 650 1686 aPlutarcho
680 1622 883 1687 nominatum
910 1643 997 1706 esse,
1033 1622 1121 1705 quod
1154 1621 1333 1687 Aristidem

207 1725 313 1806 ipsum
345 1723 386 1788 ab
409 1723 663 1790 Atheniensibus
691 1724 733 1788 ad
760 1723 1034 1790 Lacedaemonios
1057 1723 1241 1807 delegatum
1264 1743 1334 1788 esse

207 1825 370 1907 traderet3
400 1827 493 1908 atqui
522 1824 608 1906 apud
634 1825 835 1891 Herodotum
863 1825 944 1890 haec
972 1831 1049 1890 suut
1070 1826 1128 1910 IX,
1152 1827 1185 1889 7:
1216 1825 1333 1889 Λακε-

208 1927 357 2009 δαίμονα
382 1929 427 2006 (οἱ
443 1925 633 2006 Ἀθηναῖοι)
664 1924 821 2011 ἔπεμψαν
849 1925 1058 2011 οἵμγόλονς
1079 1965 1120 1974 -
1144 1928 1190 2014 (7)
1215 1927 1247 1991 οί
1269 1924 1335 2011 μοίρ

209 2027 250 2105 δὴ
272 2028 540 2112 Λακεδαιμόνιοι
564 2025 749 2115 ὅρταζόν
772 2054 807 2094 τε
830 2032 949 2095 τοῦτον
966 2025 1086 2114 χρόνον
1107 2028 1163 2093 καί
1185 2052 1259 2113 σφι
1286 2016 1335 2108 ἦν

207 2125 424 2194 Ὑακίνθια
455 2170 494 2177 —
526 2133 589 2212 (ll)
622 2131 829 2208 ἐπελθόντες
853 2133 887 2196 δὲ
918 2138 970 2210 (sc.
994 2132 1048 2194 ἐπὶ
1077 2130 1154 2206 τούς
1176 2130 1336 2217 ἐφόρους)

209 2228 326 2312 ἔλεγον
349 2229 438 2296 τάδε·
461 2230 582 2316 »ὑμεῖς
604 2238 685 2316 μὲν,
707 2221 732 2297 ὦ
753 2231 1018 2316 Λακεδαιμόνιοι
1039 2273 1078 2281 -
1096 2230 1277 2298 Ὑακίνθιά
1301 2256 1336 2296 τε
1425 2276 1433 2293 τ

210 2330 308 2414 όίμετε
338 2335 394 2397 καὶ
423 2332 603 2414 παίζετε
637 2335 909 2423 καταπροδόντες
938 2335 1014 2412 τους
1044 2332 1261 2420 συμμάχους(
1294 2372 1337 2382 -

217 2437 331 2501 Ταῦτα
350 2436 515 2522 λεγόντων
541 2440 602 2504 τῶν
618 2434 766 2521 οίμμὲλων
785 2439 817 2502 οἱ
841 2434 958 2528 ἐ’(μοροι
977 2426 1076 2503 εἶπαν
1092 2438 1141 2504 ἐπ’
1157 2435 1258 2523 όρκου
1280 2439 1338 2501 καί

211 2536 252 2612 δή
277 2538 408 2603 δοκέειν
433 2528 520 2604 εἶναι
549 2540 582 2604 ἐν
610 2538 781 2628 Ὀρεστείῳ
804 2538 996 2625 στείχοντας
1023 2540 1075 2603 ἐπὶ
1099 2540 1175 2615 τούς
1205 2536 1338 2617 ξείνους·

213 2638 383 2716 ξείνους
405 2640 481 2725 μοίρ
505 2641 690 2707 ἐκάλεον
714 2642 810 2716 τοείς
838 2641 1089 2730 βαρβάρους.
1118 2641 1217 2708 Vides
1240 2643 1338 2726 igitur

212 2743 299 2826 apud
310 2736 648 2809 Herodotum'nullam
658 2745 807 2810 Aristidis
818 2744 1109 2826 mentionemfieri3
1127 2745 1337 2828 quamobrem

211 2844 404 2909 Plutarchus
423 2844 504 2908 nihil
526 2845 680 2929 habebat,
704 2849 792 2930 quod
813 2847 874 2912 hoc
896 2847 967 2911 loco
985 2853 1117 2930 praeter
1130 2849 1339 2913 Idomeneum

212 2947 413 3013 Herodotum
436 2947 626 3015 nominaret.
663 2950 767 3026 Quam
790 2955 898 3013 auteur
921 2968 1022 3033 prope
1045 2948 1102 3012 ille
1118 2950 1160 3013 ad
1175 2949 1260 3014 hunc
1275 2951 1295 3014 i.
1312 2971 1338 3015 e.

213 3050 408 3115 Plutarchus
438 3050 480 3113 ad
502 3051 701 3118 Herodotum
732 3052 872 3134 decedat,
897 3052 1034 3132 quisque
1056 3050 1151 3114 facile
1173 3050 1339 3135 intelligit.

301 3151 332 3216 Ο.
358 3153 395 3214 11
424 3153 534 3234 priore
566 3159 661 3236 parte
691 3175 774 3236 quae
797 3157 943 3236 exstant,
971 3173 1010 3215 ea
1032 3153 1131 3216 etiam
1152 3154 1339 3218 Herodotus

215 3255 365 3318 similiter
381 3253 482 3318 tradit
496 3255 553 3336 IX,
566 3256 607 3318 28
623 3257 809 3318 τελευταῖοι
826 3256 860 3317 δὲ
876 3254 934 3316 καὶ
950 3256 1071 3337 πρῶτοι
1088 3292 1127 3299 -
1138 3251 1339 3337 Ἀριστείδης

216 3351 234 3417 ὁ
253 3352 457 3440 Λυσιμάχου,
476 3357 533 3438 IX,
553 3354 875 3438 19Λοικεδαιμόνιοι
895 3356 932 3420 δὲ
953 3352 994 3430 τός
1016 3355 1049 3430 ἐς
1064 3355 1123 3420 τόν
1145 3351 1287 3438 Ἰσθμόν
1300 3394 1338 3404 -

217 3457 431 3541 συμμιγέντες
454 3457 488 3519 δὲ
511 3457 546 3521 ἐν
564 3458 784 3538 Atrectum),
806 3459 862 3541 IX,
891 3458 937 3541 ll),
961 3462 1093 3541 παρῆκε
1118 3460 1154 3522 δὲ
1176 3455 1280 3522 αὐτοῦ
1302 3458 1339 3524 τό

217 3560 448 3642 στρατόπεδον
471 3599 509 3608 -
533 3563 688 3644 μέτωπον
718 3553 882 3637 ἕκαστον,
912 3560 974 3641 ΙΧ,
1002 3561 1043 3623 36
1066 3552 1163 3632 οὗτος
1193 3558 1234 3636 δή
1265 3556 1340 3624 τότε

218 3662 290 3734 τοῖς
302 3657 498 3747 Ἕλλησι·
513 3663 570 3724 καί
595 3655 700 3749 τούτῳ
726 3661 834 3738 καλός
857 3682 940 3744 quac
963 3682 1037 3726 vero
1061 3664 1243 3742 restante),
1266 3682 1340 3726 nus·

219 3782 316 3843 quam
337 3761 417 3825 alibi
439 3766 577 3848 repperi.

263 3948 267 3951 ⁴
288 3931 329 3996 17)
349 3932 508 3986 Plutarchus
533 3934 603 4004 apud
620 3933 742 3987 Plataeas
765 3934 873 3987 demum
890 3932 1067 3985 Athenienses
1085 3950 1145 3986 cum
1163 3933 1342 3986 Lacedaemo·

219 4014 269 4068 niis
288 4015 442 4071 coniunctos
460 4035 517 4071 esse
535 4018 625 4071 tradit.

289 4104 331 4166 18)
349 4101 416 4155 Inde
433 4120 452 4167 μ
469 4103 557 4157 verbis
572 4103 731 4173 Ἀριστείδου
750 4105 777 4155 δὲ
796 4103 949 4171 πέμψαντος
967 4105 1003 4162 εί,·
1022 4100 1154 4171 Διίφοός.

1173 4193 1190 4247 3
