3182 4906
693 475 882 538 -3-

305 641 394 719 Quae
424 662 497 708 cum
526 643 574 708 ita
603 643 686 726 sint,
720 666 778 709 suo
808 644 879 709 iure
901 644 1127 711 Volkmannus
1159 646 1193 726 (1.
1222 647 1242 711 l.
1271 669 1345 733 pag.

218 746 295 828 341)
308 744 388 809 haec
405 743 525 810 dixisse
542 746 686 810 videtur:
709 746 835 830 „Wenn
857 748 910 810 ein
931 769 966 812 so
989 748 1199 830 griindlicher
1214 750 1346 815 Kenner

215 847 407 930 Plutarchs,
435 848 493 911 wie
517 845 555 914 G.
579 846 747 932 Doehner,
776 849 861 913 noch
889 850 1003 913 immor
1034 849 1121 914 diese
1144 849 1267 916 Sclrriit
1298 854 1345 918 als

216 950 287 1014 ihm
308 951 343 1014 in
364 948 484 1019 hohern
507 949 615 1015 Grade
635 951 826 1034 verdttchtig
848 949 1054 1034 bezeichnet‚
1084 974 1119 1016 so
1148 974 1239 1018 muss
1260 952 1346 1021 wohl

219 1052 272 1118 die
287 1054 391 1136 Frage
410 1050 495 1116 nach
510 1050 609 1116 deren
626 1051 779 1117 Echtheit
795 1052 843 1117 als
866 1054 937 1119 eine
949 1074 1019 1128 ,τοι
1040 1054 1113 1118 Zeit
1134 1054 1220 1118 noch
1242 1053 1346 1119 offene

125 1215 127 1220 ,
217 1155 363 1220 trachtet
391 1154 550 1218 werden“.
579 1190 622 1200 -
650 1153 699 1218 De
721 1155 890 1219 sententiis
913 1154 1059 1218 virorum
1089 1154 1259 1219 doctorum
1289 1156 1345 1221 ha·

128 1319 129 1322 ,
220 1261 345 1321 ctenus.

127 1445 128 1448 Ἴ
305 1358 421 1441 Itaque
439 1357 524 1422 hanc
547 1359 770 1439 quaestionem
787 1364 969 1426 retractare
985 1378 1102 1442 operae
1120 1360 1262 1443 pretinm
1276 1359 1346 1425 iore

127 1509 129 1516 ,
219 1461 378 1544 existimo,
401 1459 592 1545 praesertim
609 1481 682 1525 cum
705 1459 767 1525 hoc
783 1462 878 1527 modo
901 1461 998 1527 simul
1021 1462 1073 1525 via
1095 1462 1139 1527 ad
1162 1481 1232 1525 eam
1249 1482 1346 1543 quae·

218 1563 356 1628 ationem
386 1562 567 1646 muniatur,
599 1584 681 1645 quos
713 1564 887 1646 praecipue
919 1570 1069 1639 auctores
1091 1561 1287 1627 Plutarchus
1309 1563 1345 1627 in

219 1664 316 1730 rebus
346 1664 446 1748 gestis
476 1669 509 1727 et
531 1663 759 1728 Themistoclis
781 1670 814 1728 et
836 1664 990 1729 Aristidis
1018 1664 1192 1732 narrandis
1216 1669 1346 1730 secutus

220 1767 278 1843 sit3
301 1788 386 1831 nunc
409 1765 510 1850 igitur
533 1766 574 1829 ad
598 1766 746 1831 libellum
768 1767 874 1849 ipsum
896 1772 1110 1832 transeamus.

304 1869 499 1951 Priusquam
521 1874 639 1934 auctor
662 1869 705 1933 ad
727 1867 871 1950 singulas
885 1868 1044 1933 Herodoti
1065 1889 1158 1934 voces
1181 1876 1215 1935 et
1234 1890 1346 1935 narra·

220 1973 327 2036 tiones
349 1969 635 2054 reprehendendas
658 1970 801 2053 accedit,
822 1990 881 2035 nos
905 1969 1014 2052 docet,
1038 1992 1119 2053 quas
1141 1971 1346 2055 potissimum

220 2060 254 2138 in
279 2073 486 2156 malignitate
509 2071 732 2155 cognoscenda
754 2070 1060 2156 comprobandaque
1083 2073 1145 2138 sihi
1167 2074 1254 2157 leges
1281 2079 1347 2139 sta-

125 2237 130 2250 „
220 2176 337 2256 tuerit3
360 2180 437 2239 sunt
459 2174 572 2239 haece:

305 2277 329 2342 I.
353 2273 371 2340 ὁ
397 2278 467 2349 τοῖς
491 2273 766 2361 δυσχερεστάτοις
788 2273 934 2360 ὀνόμασι
958 2274 1014 2338 καὶ
1036 2271 1184 2361 ῥήμασι,
1211 2276 1346 2343 intraxe-

125 2375 129 2382 ’
223 2380 349 2462 oricum
372 2374 562 2462 παρόντων,
585 2378 619 2441 ἐν
643 2381 685 2466 τῷ
709 2377 821 2461 λέγειν
837 2377 879 2441 τοὶ
895 2380 1113 2464 πεπραγμένα
1124 2376 1290 2464 χρώμενος
1307 2418 1347 2428 -—

220 2478 281 2546 οὐκ
305 2479 443 2562 εὐμενής
460 2480 560 2544 ἐστιν
576 2480 623 2565 ¹⁰).

305 2584 345 2647 ΙΙ.
370 2580 540 2664 δεύτερον,
562 2574 630 2671 ὅτῳ
654 2580 758 2645 κακὸν
774 2578 953 2665 πρόσεστιν
974 2577 1096 2659 ἄλλως,
1119 2584 1158 2672 τῇ
1181 2578 1361 2667 δ’ἱοτορίτι,

220 2684 267 2769 μή
298 2685 487 2768 προσῆκον,
516 2679 531 2744 ὁ
561 2688 596 2750 δὲ
626 2682 837 2771 συγγραφεύς
867 2682 1102 2768 ἐπιδράττεται
1135 2680 1268 2763 τούτου,
1291 2687 1347 2748 καὶ

128 2824 143 2859 ,·
221 2784 453 2872 παριμβάλλιι
478 2787 550 2860 τοῖς
572 2784 766 2870 πράγμασιν
787 2782 883 2851 οὐδὲν
904 2784 1072 2866 δεόμενος,
1097 2783 1185 2847 ἀλλά
1210 2785 1272 2860 τήν
1295 2787 1347 2851 δι-

128 2906 133 2937 ῑ
223 2884 346 2973 η’γησιν
374 2885 543 2969 ἐπεξάγων
573 2890 630 2950 καὶ
663 2886 910 2970 κυκλούμενος,
942 2885 1030 2960 ὅπως
1052 2885 1347 2976 ἐμιιιριλάβῃτῖτύ-

127 3015 128 3018 ’
216 2988 313 3075 gnari
329 3011 430 3067 τινος,
455 2982 475 3065 ἢ
489 2985 610 3074 πρᾶξιν
626 2985 756 3053 ἄτοπον
778 2990 833 3051 καὶ
847 2987 886 3052 οὐ
898 2989 1060 3074 χρηστόν,
1083 2986 1185 3065 δι’,λὸς
1201 2989 1293 3054 ἐστιν
1312 2990 1347 3067 ή-

125 3149 128 3160 2
222 3090 364 3175 ὑόμενος
387 3090 434 3173 τῷ
455 3091 650 3211 κακολογεῖν
664 3094 710 3169 11).

306 3191 364 3257 III
397 3196 456 3256 καὶ
485 3192 553 3274 μήν
586 3193 623 3257 τό
652 3194 679 3276 γ’
713 3188 938 3278 ἀντίστροφον
970 3186 1077 3278 τούτῳ
1105 3193 1207 3256 παντὶ
1231 3193 1349 3273 δηλον,

125 3291 129 3308 “
222 3291 265 3369 ὡς
286 3295 391 3359 καὶού
414 3317 506 3368 τινος
529 3297 583 3357 καὶ
609 3293 748 3376 αγαθου
770 3294 896 3376 nancte
900 3291 972 3372 ιψίς
987 3292 1089 3372 ἐστιν,
1112 3291 1350 3359 α’νντιιύθυνον

125 3435 129 3438 -
222 3396 345 3461 δοκοῦν
381 3400 521 3482 πρᾶγμα
565 3384 667 3480 sirac,
712 3394 888 3480 μνόμινον
901 3379 957 3460 δὲ
997 3393 1201 3474 κακοήθως,
1243 3392 1350 3481 ἄνπερ

130 3714 133 3725 ·
294 3693 336 3753 10)
354 3687 415 3741 Hac
433 3687 544 3756 exlege
563 3695 636 3741 ortae
654 3693 715 3740 sunt
735 3687 922 3749 accusationes,
944 3702 1012 3755 quae
1029 3690 1228 3755 exstent'capp.
1249 3688 1280 3739 15
1300 3688 1347 3752 (1),

126 3772 131 3781 ’
226 3778 259 3828 24
277 3779 325 3841 (1),
345 3774 378 3828 27
398 3778 444 3839 (2),
466 3778 496 3827 31
518 3777 544 3837 (2
562 3778 630 3843 seq.)
650 3777 682 3826 34
701 3776 728 3837 (4
746 3776 832 3841 τες),
852 3772 886 3825 ο1.
906 3770 1064 3839 Lahmeyer.
1084 3786 1111 3838 p.
1131 3772 1173 3834 29,
1193 3788 1219 3822 n.
1241 3774 1281 3823 13.

294 3880 336 3942 11)
363 3876 406 3928 Ad
431 3877 499 3930 hanc
528 3875 636 3946 quidem
659 3875 748 3944 legem
771 3875 938 3943 Lahmeyero
960 3880 1051 3925 auctor
1074 3873 1220 3942 respexisse
1245 3873 1352 3928 videtur

226 3978 301 4030 capp.
322 3962 361 4014 '15
382 3960 428 4029 (5),
453 3965 500 4025 19,
519 3966 562 4025 22,
582 3965 615 4014 32
635 3962 682 4026 (l),
701 3965 744 4022 40,
764 3964 797 4013 34
816 3962 864 4024 (9),
883 3961 917 4012 42
937 3962 989 4021 (l);
1014 3958 1079 4011 mihi
1103 3965 1193 4011 autem
1216 3966 1350 4028 postremo

225 4045 285 4100 loco
310 4045 480 4101 Herodotum
504 4046 637 4100 mendacii
661 4045 816 4099 convincere
842 4044 957 4098 voluisse
976 4044 1049 4097 videt
1038 4052 1082 4097 tur
1105 4043 1149 4110 (cf.
1168 4046 1250 4098 verbe
1268 4051 1352 4094 καίτοι

125 4163 128 4166 -
224 4133 336 4201 γελοῖον,
356 4136 379 4182 εἰ
395 4134 433 4201 μὴ
454 4151 499 4184 συν
503 4131 582 4198 ηθιις
601 4133 650 4183 εἶεν
669 4135 695 4184 οἱ
712 4134 840 4201 πολέμιοι,
857 4128 997 4198 μάχεσθαι
1013 4127 1050 4199 ιιι)
1070 4131 1181 4198 Orikon).

1164 4214 1198 4269 10
