3182 4906
735 498 772 512 ..
818 457 943 529 33·-

821 672 826 689 «
863 631 949 718 πρὸς
969 628 1197 716 Ἀρίμνηστον,
1225 671 1255 679 -
1284 627 1401 714 oupe-

861 735 951 799 λειν
974 730 1042 799 ὅτι
1064 733 1144 817 πρὸ
1167 736 1241 814 τῆς
1263 731 1401 817 Ἑλλα-

860 837 930 913 doc
971 833 1272 913 ἀποθνήσκει,
1312 833 1401 898 αλλ’

859 937 926 1006 ὅτι
976 937 1051 1004 οὐκ
1097 935 1307 1022 ἐχρήσατο
1358 938 1402 1028 τῇ

857 1044 967 1128 χειρὶ
993 1037 1071 1106 νιτὲ.

360 1147 452 1226 Quod
470 1148 513 1213 ad
531 1147 631 1211 rerba
648 1137 690 1227 ἦν
714 1136 772 1213 οὖν
796 1144 834 1212 τὸ
855 1149 915 1227 μὲν
936 1142 1057 1218 πάθος
1079 1142 1189 1207 δεινὸν
1212 1178 1250 1192 -—
1275 1143 1309 1206 ἐν
1326 1152 1400 1210 ταῖς
1438 1189 1444 1195 .

277 1249 412 1327 τάξεσιν
432 1252 561 1331 attinet,
580 1250 873 1330 Lacedaemonios
897 1249 1043 1330 quamvis
1062 1267 1185 1310 summo
1203 1246 1398 1310 detrimento
1428 1237 1436 1245 ’

275 1353 316 1420 ah
340 1351 489 1417 hostibus
512 1351 729 1437 afficerentur,
752 1358 873 1435 tamen,
896 1372 970 1414 cum
991 1349 1171 1414 Pausanias
1194 1348 1320 1413 hostias
1343 1348 1399 1411 im-

274 1455 423 1540 molaret,
446 1476 590 1538 pugnarn
614 1454 814 1519 detrectasse
837 1473 876 1516 ex
896 1451 1056 1516 Herodoti
1078 1471 1208 1534 quoque
1230 1449 1287 1532 IX,
1311 1450 1349 1512 61
1367 1455 1401 1512 et

275 1558 316 1621 62
339 1563 485 1641 apparet.
946 1569 951 1575 ’

360 1659 393 1722 O.
418 1657 457 1722 18
480 1657 647 1722 Plutarchi
667 1659 820 1723 narratio
852 1655 964 1741 paullo
994 1656 1125 1722 uberior
1149 1662 1196 1719 est
1218 1675 1315 1736 quam
1337 1655 1399 1718 He-

275 1761 426 1844 rodctea,·
441 1781 516 1824 nam
540 1759 578 1824 cf.
593 1761 650 1842 IX,
674 1760 712 1823 61
736 1755 924 1847 φράξαντες
946 1760 1011 1844 μοὶρ
1034 1759 1076 1823 τοὶ
1098 1759 1200 1840 γέρρα
1225 1759 1256 1821 οἱ
1269 1757 1401 1841 Πέρσαι

275 1860 466 1927 ἀπίεσαν-
478 1862 670 1947 ψευσθῆναι
684 1857 742 1938 τῆς
756 1859 902 1942 ἐλπίδος,
917 1863 958 1926 62
971 1863 1078 1926 ταῦτα
1094 1860 1123 1925 d'
1142 1857 1191 1924 ἔτι
1203 1898 1245 1907 -
1263 1860 1320 1922 καὶ
1338 1865 1402 1926 διε-

275 1964 481 2049 φθείροντο,
496 1965 535 2028 bl
550 1966 606 2026 καὶ
624 1962 666 2039 dri
679 1955 770 2030 οὗτοι
787 2004 819 2012 «-
837 1962 1096 2047 αἀοδεξάμενος
1112 1959 1206 2051 ἴφια)
1217 1984 1264 2026 ον.
1286 1961 1400 2044 Neque

273 2087 348 2130 vero
366 2066 454 2149 apud
462 2067 662 2132 Herodotum
677 2057 850 2148 quicquain
864 2069 1013 2148 occurrit,
1032 2066 1120 2148 quod
1128 2067 1232 2129 simile
1241 2066 1285 2128 sit
1293 2065 1398 2128 verbis

273 2171 304 2232 οἱ
324 2170 360 2232 δὲ
382 2169 559 2246 Ἀθηναῖοι
584 2168 660 2242 τέως
674 2171 734 2251 μὲν
753 2167 919 2251 ἠτρέμουν
938 2206 966 2214 —
978 2164 1278 2253 πεντακισμυρίους
1293 2157 1398 2229 οὖσιν.

360 2271 451 2334 Sicut
471 2291 496 2333 c.
521 2272 571 2354 19,
587 2270 676 2354 apud
690 2271 892 2335 Herodotum
908 2292 1038 2354 quoque
1054 2271 1172 2333 Persae
1189 2270 1280 2352 prius
1299 2289 1397 2351 quam

275 2371 419 2437 Thebani
435 2372 549 2455 fugam
568 2378 743 2454 capessunt
767 2372 837 2457 (IX,
861 2375 931 2459 bl);
954 2394 1051 2457 porro
1074 2372 1194 2437 similia
1216 2370 1304 2454 apud
1326 2391 1399 2433 cum

274 2480 407 2540 exstant
430 2475 469 2539 de
493 2474 674 2559 Trophonii
696 2476 828 2540 oraculo
852 2474 958 2558 (VIII,
984 2475 1063 2550 1353
1092 2496 1120 2538 v.
1141 2474 1257 2539 Steinii
1280 2478 1399 2551 notas),

271 2598 472 2658 quamquam
494 2598 553 2641 nec
575 2577 658 2662 Lydi
677 2599 737 2640 nec
759 2579 830 2641 saxi
845 2598 908 2659 quo
925 2576 1115 2642 Mardonius
1132 2574 1240 2658 periit,
1262 2576 1398 2638 mentio-

272 2699 347 2741 nem
369 2678 458 2746 faeit.
501 2680 651 2760 Denique
681 2686 819 2762 uterque
850 2687 963 2745 narrat
985 2676 1157 2742 Thebanos
1182 2676 1311 2759 quidem
1332 2697 1398 2741 non

272 2781 306 2843 in
337 2782 539 2864 amplissima
570 2780 783 2845 barbarorum
813 2786 922 2845 castra
943 2780 1099 2864 refugisse
1123 2781 1193 2864 (IX,
1217 2779 1257 2842 66
1280 2785 1311 2843 et
1333 2779 1397 2862 bl),

272 2887 343 2946 tum
357 2880 574 2946 Athenienses
597 2881 760 2947 Thebanis
788 2882 909 2965 fugatis
932 2883 974 2946 ad
996 2883 1139 2947 hostium
1162 2889 1272 2947 castra
1295 2900 1398 2945 acces·

273 2982 354 3047 sisse
376 3003 479 3066 eaque
502 3004 703 3068 expugnasse
727 2983 797 3070 (lx,
822 2985 894 3070 70),
927 2984 1099 3050 Persarum
1127 2990 1236 3047 autem
1259 2983 1397 3066 quadra-

270 3084 366 3167 ginta
393 3085 485 3151 milia
505 3087 667 3153 Artabazo
699 3088 778 3151 duce
802 3086 966 3170 aufugisse
996 3086 1065 3172 (IX,
1089 3086 1156 3168 66);
1187 3107 1294 3168 neque
1322 3106 1397 3149 vero

274 3186 449 3269 quiequam
472 3187 654 3254 Herodotus
678 3190 797 3272 tradit,
828 3188 916 3272 quod
945 3189 988 3253 ad
1010 3210 1034 3252 c.
1057 3189 1100 3252 20
1129 3208 1230 3271 prope
1259 3188 1397 3251 accedat.

358 3290 536 3372 Postquam
565 3291 725 3357 hactenus
753 3290 923 3354 Plutarchi
951 3290 1176 3357 narrationem
1203 3311 1275 3353 cum
1298 3289 1398 3352 Hero·

273 3390 342 3454 doti
364 3393 571 3474 contulimus,
594 3395 657 3459 tria
678 3392 749 3457 fieri
771 3392 875 3456 solere
897 3415 984 3457 nune
1006 3398 1152 3457 constat:
1181 3395 1239 3456 aut
1262 3390 1312 3453 illi
1325 3412 1398 3454 cum

271 3492 368 3556 rebus
391 3500 459 3557 tum
475 3495 582 3559 verbis
605 3495 782 3559 concinunt
805 3493 856 3571 (ct.
870 3493 980 3559 Them.
1001 3498 1040 3559 12
1063 3495 1127 3578 fin,
1147 3493 1247 3557 Arist.
1272 3494 1322 3576 14,
1347 3495 1396 3575 16,

273 3594 325 3674 17)
349 3602 406 3658 aut
428 3597 525 3660 rebus
547 3603 675 3661 tantum
698 3616 831 3678 prorsus
854 3597 1028 3662 concinunt
1049 3604 1107 3663 aut
1128 3617 1169 3660 ne
1191 3594 1242 3659 his
1266 3595 1397 3677 quidem

260 3690 415 3779 'prorsus
468 3698 537 3763 Iam
567 3720 642 3762 vero
671 3698 803 3780 expedit
839 3698 872 3761 in
901 3701 1090 3763 memoriam
1118 3698 1264 3762 revocari
1295 3697 1397 3778 illum,

261 3816 368 3880 -qucm
391 3820 491 3882 supra
514 3799 699 3883 attulimus,
730 3800 837 3863 locum
860 3799 946 3883 (Non
969 3822 1065 3884 posse
1088 3801 1229 3866 suaviter
1251 3800 1314 3864 vivi
1336 3820 1397 3862 sec.

269 3898 358 3981 Epic.
381 3920 406 3962 c.
431 3902 495 3985 10),
525 3902 611 3965 unde
635 3902 740 3965 discas
762 3901 965 3966 Herodotum
987 3903 1156 3986 permagni
1180 3924 1199 3965 a
1219 3901 1397 3966 Plutarcho

270 4001 476 4066 aestimatum
499 4023 588 4077 esse;
618 4003 706 4085 quod
728 4025 800 4068 cum
822 4005 871 4069 ita
894 4006 953 4085 sit,
980 4025 1088 4069 nonne
1110 4004 1159 4068 illi
1181 4005 1254 4083 loci,
1279 4003 1397 4086 quibus

270 4102 482 4168 Plutarchum
511 4125 584 4169 cum
605 4105 772 4170 Herodoto
796 4111 829 4170 et
851 4105 948 4170 rebus
972 4110 1005 4170 ct
1026 4107 1131 4171 verbis
1154 4106 1324 4171 concinere
1347 4126 1396 4169 eo-
