<?xml version="1.0" encoding="UTF-8"?>
<!DOCTYPE html PUBLIC "-//W3C//DTD XHTML 1.0 Transitional//EN"
    "http://www.w3.org/TR/xhtml1/DTD/xhtml1-transitional.dtd">
<html xmlns="http://www.w3.org/1999/xhtml" xml:lang="en" lang="en">
 <head>
  <title>
</title>
<meta http-equiv="Content-Type" content="text/html;charset=utf-8" />
  <meta name='ocr-system' content='tesseract 3.04.00' />
  <meta name='ocr-capabilities' content='ocr_page ocr_carea ocr_par ocr_line ocrx_word'/>
</head>
<body>
  <div class='ocr_page' id='page_1' title='image "./quaestionesplut00hbgoog_0020.png"; bbox 0 0 3182 4906; ppageno 0'>
   <div class='ocr_carea' id='block_1_1' title="bbox 685 513 886 575">
    <p class='ocr_par' dir='ltr' id='par_1_1' title="bbox 685 513 886 575">
     <span class='ocr_line' id='line_1_1' title="bbox 685 513 886 575; baseline -0.015 -13"><span class='ocrx_word' id='word_1_1' title='bbox 685 513 886 575; x_wconf 83' lang='lat'>..11...</span> 
     </span>
    </p>
   </div>
   <div class='ocr_carea' id='block_1_2' title="bbox 209 681 1345 2804">
    <p class='ocr_par' dir='ltr' id='par_1_2' title="bbox 217 681 1342 864">
     <span class='ocr_line' id='line_1_2' title="bbox 217 681 1342 767; baseline -0.004 -19"><span class='ocrx_word' id='word_1_2' title='bbox 217 683 386 767; x_wconf 82' lang='lat' dir='ltr'>universa,</span> <span class='ocrx_word' id='word_1_3' title='bbox 424 705 491 766; x_wconf 90' lang='lat' dir='ltr'>qua</span> <span class='ocrx_word' id='word_1_4' title='bbox 521 687 644 747; x_wconf 90' lang='lat' dir='ltr'>ceteros</span> <span class='ocrx_word' id='word_1_5' title='bbox 673 681 883 766; x_wconf 79' lang='lat' dir='ltr'>tractaverit,</span> <span class='ocrx_word' id='word_1_6' title='bbox 911 681 1112 765; x_wconf 78' lang='lat' dir='ltr'>malignitate</span> <span class='ocrx_word' id='word_1_7' title='bbox 1141 686 1250 745; x_wconf 87' lang='lat' dir='ltr'>tamen</span> <span class='ocrx_word' id='word_1_8' title='bbox 1287 700 1342 764; x_wconf 90' lang='lat' dir='ltr'>pa-</span> 
     </span>
     <span class='ocr_line' id='line_1_3' title="bbox 217 783 985 864; baseline -0.003 -15"><span class='ocrx_word' id='word_1_9' title='bbox 217 785 303 852; x_wconf 88' lang='lat' dir='ltr'>triae</span> <span class='ocrx_word' id='word_1_10' title='bbox 326 805 403 850; x_wconf 89' lang='lat' dir='ltr'>suae</span> <span class='ocrx_word' id='word_1_11' title='bbox 425 785 522 849; x_wconf 90' lang='lat' dir='ltr'>nimis</span> <span class='ocrx_word' id='word_1_12' title='bbox 545 783 663 848; x_wconf 88' lang='lat' dir='ltr'>favisse</span> <span class='ocrx_word' id='word_1_13' title='bbox 686 783 904 847; x_wconf 90' lang='lat' dir='ltr'>arbitraretur</span> <span class='ocrx_word' id='word_1_14' title='bbox 914 784 985 864; x_wconf 77' lang='grc'>37“).</span> 
     </span>
    </p>

    <p class='ocr_par' dir='ltr' id='par_1_3' title="bbox 218 885 1345 1481">
     <span class='ocr_line' id='line_1_4' title="bbox 302 885 1344 970; baseline -0.002 -20"><span class='ocrx_word' id='word_1_15' title='bbox 302 887 480 970; x_wconf 86' lang='lat' dir='ltr'>Postquam</span> <span class='ocrx_word' id='word_1_16' title='bbox 511 886 614 969; x_wconf 88' lang='lat' dir='ltr'>igitur</span> <span class='ocrx_word' id='word_1_17' title='bbox 642 892 708 949; x_wconf 91' lang='lat' dir='ltr'>tam</span> <span class='ocrx_word' id='word_1_18' title='bbox 730 885 903 968; x_wconf 86' lang='lat' dir='ltr'>diligenter</span> <span class='ocrx_word' id='word_1_19' title='bbox 926 892 959 948; x_wconf 90' lang='lat' dir='ltr'>et</span> <span class='ocrx_word' id='word_1_20' title='bbox 981 892 1140 969; x_wconf 90' lang='lat' dir='ltr'>accurate,</span> <span class='ocrx_word' id='word_1_21' title='bbox 1162 906 1261 968; x_wconf 90' lang='lat' dir='ltr'>quam</span> <span class='ocrx_word' id='word_1_22' title='bbox 1283 906 1344 968; x_wconf 89' lang='lat' dir='ltr'>par</span> 
     </span>
     <span class='ocr_line' id='line_1_5' title="bbox 218 987 1343 1073; baseline -0.003 -20"><span class='ocrx_word' id='word_1_23' title='bbox 218 993 300 1073; x_wconf 85' lang='lat' dir='ltr'>erat,</span> <span class='ocrx_word' id='word_1_24' title='bbox 323 990 433 1067; x_wconf 89' lang='lat' dir='ltr'>omnia</span> <span class='ocrx_word' id='word_1_25' title='bbox 455 1010 494 1052; x_wconf 91' lang='lat' dir='ltr'>ea</span> <span class='ocrx_word' id='word_1_26' title='bbox 515 988 745 1070; x_wconf 84' lang='lat' dir='ltr'>congessimus,</span> <span class='ocrx_word' id='word_1_27' title='bbox 769 987 886 1069; x_wconf 90' lang='lat' dir='ltr'>quibus</span> <span class='ocrx_word' id='word_1_28' title='bbox 902 987 1083 1070; x_wconf 83' lang='lat' dir='ltr'>Lahmeyer</span> <span class='ocrx_word' id='word_1_29' title='bbox 1106 988 1265 1052; x_wconf 88' lang='lat' dir='ltr'>adductus</span> <span class='ocrx_word' id='word_1_30' title='bbox 1282 992 1343 1069; x_wconf 87' lang='lat' dir='ltr'>est,</span> 
     </span>
     <span class='ocr_line' id='line_1_6' title="bbox 218 1088 1345 1172; baseline -0.003 -18"><span class='ocrx_word' id='word_1_31' title='bbox 218 1098 254 1156; x_wconf 91' lang='lat' dir='ltr'>ut</span> <span class='ocrx_word' id='word_1_32' title='bbox 274 1090 488 1156; x_wconf 87' lang='lat' dir='ltr'>Plutarchum</span> <span class='ocrx_word' id='word_1_33' title='bbox 510 1089 607 1154; x_wconf 91' lang='lat' dir='ltr'>huius</span> <span class='ocrx_word' id='word_1_34' title='bbox 629 1088 705 1153; x_wconf 88' lang='lat' dir='ltr'>libri</span> <span class='ocrx_word' id='word_1_35' title='bbox 727 1096 891 1153; x_wconf 78' lang='lat' dir='ltr'>auctorem</span> <span class='ocrx_word' id='word_1_36' title='bbox 913 1089 1013 1153; x_wconf 83' lang='lat' dir='ltr'>fuisse</span> <span class='ocrx_word' id='word_1_37' title='bbox 1036 1089 1229 1172; x_wconf 86' lang='lat' dir='ltr'>affirmaret,</span> <span class='ocrx_word' id='word_1_38' title='bbox 1258 1109 1345 1153; x_wconf 90' lang='lat' dir='ltr'>nunc</span> 
     </span>
     <span class='ocr_line' id='line_1_7' title="bbox 221 1174 1345 1275; baseline -0.004 -18"><span class='ocrx_word' id='word_1_39' title='bbox 221 1193 355 1275; x_wconf 81' lang='lat' dir='ltr'>quidem</span> <span class='ocrx_word' id='word_1_40' title='bbox 377 1214 415 1256; x_wconf 91' lang='lat' dir='ltr'>ea</span> <span class='ocrx_word' id='word_1_41' title='bbox 437 1191 583 1257; x_wconf 86' lang='lat' dir='ltr'>refutare</span> <span class='ocrx_word' id='word_1_42' title='bbox 606 1212 643 1255; x_wconf 89' lang='lat' dir='ltr'>ao</span> <span class='ocrx_word' id='word_1_43' title='bbox 666 1174 791 1255; x_wconf 67' lang='lat' dir='ltr'>diluer‘e</span> <span class='ocrx_word' id='word_1_44' title='bbox 814 1212 983 1275; x_wconf 89' lang='lat' dir='ltr'>conemur,</span> <span class='ocrx_word' id='word_1_45' title='bbox 1013 1213 1080 1273; x_wconf 89' lang='lat' dir='ltr'>qua</span> <span class='ocrx_word' id='word_1_46' title='bbox 1102 1192 1233 1273; x_wconf 89' lang='lat' dir='ltr'>quidem</span> <span class='ocrx_word' id='word_1_47' title='bbox 1255 1193 1345 1255; x_wconf 90' lang='lat' dir='ltr'>inre</span> 
     </span>
     <span class='ocr_line' id='line_1_8' title="bbox 219 1292 1344 1379; baseline -0.001 -22"><span class='ocrx_word' id='word_1_48' title='bbox 219 1294 380 1359; x_wconf 87' lang='lat' dir='ltr'>Baehrius</span> <span class='ocrx_word' id='word_1_49' title='bbox 411 1295 570 1379; x_wconf 87' lang='lat' dir='ltr'>permulta</span> <span class='ocrx_word' id='word_1_50' title='bbox 603 1293 684 1357; x_wconf 91' lang='lat' dir='ltr'>mihi</span> <span class='ocrx_word' id='word_1_51' title='bbox 717 1294 907 1377; x_wconf 85' lang='lat' dir='ltr'>praeripuit.</span> <span class='ocrx_word' id='word_1_52' title='bbox 958 1292 1008 1357; x_wconf 89' lang='lat' dir='ltr'>Ab</span> <span class='ocrx_word' id='word_1_53' title='bbox 1036 1293 1205 1358; x_wconf 79' lang='lat' dir='ltr'>Plutarchi</span> <span class='ocrx_word' id='word_1_54' title='bbox 1234 1297 1344 1356; x_wconf 89' lang='lat' dir='ltr'>autem</span> 
     </span>
     <span class='ocr_line' id='line_1_9' title="bbox 219 1388 782 1481; baseline -0.002 -21"><span class='ocrx_word' id='word_1_55' title='bbox 219 1419 327 1462; x_wconf 89' lang='lat' dir='ltr'>amore</span> <span class='ocrx_word' id='word_1_56' title='bbox 350 1396 478 1481; x_wconf 84' lang='lat' dir='ltr'>patriae</span> <span class='ocrx_word' id='word_1_57' title='bbox 500 1393 662 1479; x_wconf 88' lang='lat' dir='ltr'>proficisci</span> <span class='ocrx_word' id='word_1_58' title='bbox 684 1388 782 1459; x_wconf 85' lang='lat' dir='ltr'>iuvat.</span> 
     </span>
    </p>

    <p class='ocr_par' dir='ltr' id='par_1_4' title="bbox 209 1495 1344 2804">
     <span class='ocr_line' id='line_1_10' title="bbox 282 1495 1341 1583; baseline -0.004 -19"><span class='ocrx_word' id='word_1_59' title='bbox 282 1501 371 1564; x_wconf 86' lang='lat' dir='ltr'>lam</span> <span class='ocrx_word' id='word_1_60' title='bbox 392 1500 533 1583; x_wconf 88' lang='lat' dir='ltr'>primum</span> <span class='ocrx_word' id='word_1_61' title='bbox 555 1497 681 1580; x_wconf 87' lang='lat' dir='ltr'>nescio,</span> <span class='ocrx_word' id='word_1_62' title='bbox 705 1519 748 1562; x_wconf 90' lang='lat' dir='ltr'>an</span> <span class='ocrx_word' id='word_1_63' title='bbox 769 1502 837 1560; x_wconf 89' lang='lat' dir='ltr'>tam</span> <span class='ocrx_word' id='word_1_64' title='bbox 860 1497 927 1560; x_wconf 88' lang='lat' dir='ltr'>acri</span> <span class='ocrx_word' id='word_1_65' title='bbox 949 1497 1075 1580; x_wconf 87' lang='lat' dir='ltr'>patriae</span> <span class='ocrx_word' id='word_1_66' title='bbox 1096 1497 1116 1560; x_wconf 91' lang='lat' dir='ltr'>i.</span> <span class='ocrx_word' id='word_1_67' title='bbox 1140 1517 1165 1559; x_wconf 91' lang='lat' dir='ltr'>e.</span> <span class='ocrx_word' id='word_1_68' title='bbox 1188 1495 1341 1564; x_wconf 87' lang='lat' dir='ltr'>Boeotiae</span> 
     </span>
     <span class='ocr_line' id='line_1_11' title="bbox 217 1597 1342 1680; baseline -0.003 -15"><span class='ocrx_word' id='word_1_69' title='bbox 217 1620 327 1666; x_wconf 87' lang='lat' dir='ltr'>amore</span> <span class='ocrx_word' id='word_1_70' title='bbox 354 1599 568 1665; x_wconf 80' lang='lat' dir='ltr'>Plutarchum</span> <span class='ocrx_word' id='word_1_71' title='bbox 597 1599 716 1664; x_wconf 81' lang='lat' dir='ltr'>arsisse</span> <span class='ocrx_word' id='word_1_72' title='bbox 746 1599 868 1663; x_wconf 87' lang='lat' dir='ltr'>iniuria</span> <span class='ocrx_word' id='word_1_73' title='bbox 888 1597 1070 1680; x_wconf 86' lang='lat' dir='ltr'>Lahmeyer</span> <span class='ocrx_word' id='word_1_74' title='bbox 1091 1600 1258 1680; x_wconf 81' lang='lat' dir='ltr'>statuerit3</span> <span class='ocrx_word' id='word_1_75' title='bbox 1288 1619 1342 1662; x_wconf 92' lang='lat' dir='ltr'>ne-</span> 
     </span>
     <span class='ocr_line' id='line_1_12' title="bbox 219 1700 1343 1787; baseline -0.003 -19"><span class='ocrx_word' id='word_1_76' title='bbox 219 1724 282 1787; x_wconf 88' lang='lat' dir='ltr'>que</span> <span class='ocrx_word' id='word_1_77' title='bbox 305 1702 390 1768; x_wconf 85' lang='lat' dir='ltr'>enim</span> <span class='ocrx_word' id='word_1_78' title='bbox 413 1704 515 1768; x_wconf 89' lang='lat' dir='ltr'>ullum</span> <span class='ocrx_word' id='word_1_79' title='bbox 537 1701 684 1784; x_wconf 83' lang='lat' dir='ltr'>repperi,</span> <span class='ocrx_word' id='word_1_80' title='bbox 707 1702 764 1782; x_wconf 88' lang='lat' dir='ltr'>qui</span> <span class='ocrx_word' id='word_1_81' title='bbox 787 1700 878 1764; x_wconf 91' lang='lat' dir='ltr'>illam</span> <span class='ocrx_word' id='word_1_82' title='bbox 901 1700 1086 1783; x_wconf 89' lang='lat' dir='ltr'>opinionem</span> <span class='ocrx_word' id='word_1_83' title='bbox 1109 1701 1160 1764; x_wconf 90' lang='lat' dir='ltr'>vel</span> <span class='ocrx_word' id='word_1_84' title='bbox 1176 1702 1343 1765; x_wconf 89' lang='lat' dir='ltr'>mediocri·</span> 
     </span>
     <span class='ocr_line' id='line_1_13' title="bbox 219 1790 1343 1888; baseline -0.002 -20"><span class='ocrx_word' id='word_1_85' title='bbox 219 1809 270 1868; x_wconf 92' lang='lat' dir='ltr'>ter</span> <span class='ocrx_word' id='word_1_86' title='bbox 293 1804 435 1888; x_wconf 82' lang='lat' dir='ltr'>adiuvet,</span> <span class='ocrx_word' id='word_1_87' title='bbox 459 1823 561 1883; x_wconf 85' lang='lat' dir='ltr'>-ne</span> <span class='ocrx_word' id='word_1_88' title='bbox 584 1802 619 1866; x_wconf 90' lang='lat' dir='ltr'>in</span> <span class='ocrx_word' id='word_1_89' title='bbox 640 1802 816 1885; x_wconf 89' lang='lat' dir='ltr'>Pelopidae</span> <span class='ocrx_word' id='word_1_90' title='bbox 841 1802 970 1883; x_wconf 89' lang='lat' dir='ltr'>quidem</span> <span class='ocrx_word' id='word_1_91' title='bbox 993 1803 1077 1884; x_wconf 90' lang='lat' dir='ltr'>vita,</span> <span class='ocrx_word' id='word_1_92' title='bbox 1101 1824 1199 1884; x_wconf 90' lang='lat' dir='ltr'>quam</span> <span class='ocrx_word' id='word_1_93' title='bbox 1222 1824 1242 1867; x_wconf 92' lang='lat' dir='ltr'>a</span> <span class='ocrx_word' id='word_1_94' title='bbox 1263 1790 1343 1867; x_wconf 86' lang='lat' dir='ltr'>Boe·</span> 
     </span>
     <span class='ocr_line' id='line_1_14' title="bbox 221 1903 1343 1988; baseline -0.003 -16"><span class='ocrx_word' id='word_1_95' title='bbox 221 1910 275 1972; x_wconf 87' lang='lat' dir='ltr'>oto</span> <span class='ocrx_word' id='word_1_96' title='bbox 299 1905 431 1972; x_wconf 90' lang='lat' dir='ltr'>homine</span> <span class='ocrx_word' id='word_1_97' title='bbox 453 1906 673 1986; x_wconf 89' lang='lat' dir='ltr'>conscriptum</span> <span class='ocrx_word' id='word_1_98' title='bbox 684 1924 765 1979; x_wconf 78' lang='lat' dir='ltr'>‚csse</span> <span class='ocrx_word' id='word_1_99' title='bbox 789 1924 828 1967; x_wconf 88' lang='lat' dir='ltr'>ex</span> <span class='ocrx_word' id='word_1_100' title='bbox 850 1905 939 1969; x_wconf 91' lang='lat' dir='ltr'>nullo</span> <span class='ocrx_word' id='word_1_101' title='bbox 960 1903 1027 1968; x_wconf 84' lang='lat' dir='ltr'>fere</span> <span class='ocrx_word' id='word_1_102' title='bbox 1046 1926 1141 1969; x_wconf 86' lang='lat' dir='ltr'>versu</span> <span class='ocrx_word' id='word_1_103' title='bbox 1158 1926 1343 1988; x_wconf 83' lang='lat' dir='ltr'>cognoscas.</span> 
     </span>
     <span class='ocr_line' id='line_1_15' title="bbox 218 2006 1344 2091; baseline 0 -19"><span class='ocrx_word' id='word_1_104' title='bbox 218 2007 335 2091; x_wconf 87' lang='lat' dir='ltr'>Itaque</span> <span class='ocrx_word' id='word_1_105' title='bbox 358 2010 500 2075; x_wconf 87' lang='lat' dir='ltr'>vitarum</span> <span class='ocrx_word' id='word_1_106' title='bbox 528 2008 736 2091; x_wconf 79' lang='lat' dir='ltr'>scriptorem,</span> <span class='ocrx_word' id='word_1_107' title='bbox 764 2006 886 2089; x_wconf 86' lang='lat' dir='ltr'>quippe</span> <span class='ocrx_word' id='word_1_108' title='bbox 908 2007 965 2088; x_wconf 91' lang='lat' dir='ltr'>qui</span> <span class='ocrx_word' id='word_1_109' title='bbox 989 2007 1061 2071; x_wconf 89' lang='lat' dir='ltr'>aliis</span> <span class='ocrx_word' id='word_1_110' title='bbox 1084 2007 1163 2071; x_wconf 90' lang='lat' dir='ltr'>locis</span> <span class='ocrx_word' id='word_1_111' title='bbox 1186 2016 1344 2072; x_wconf 87' lang='lat' dir='ltr'>summam</span> 
     </span>
     <span class='ocr_line' id='line_1_16' title="bbox 221 2107 1344 2194; baseline 0.002 -20"><span class='ocrx_word' id='word_1_112' title='bbox 221 2108 459 2178; x_wconf 89' lang='lat' dir='ltr'>humanitatem</span> <span class='ocrx_word' id='word_1_113' title='bbox 484 2115 517 2175; x_wconf 89' lang='lat' dir='ltr'>et</span> <span class='ocrx_word' id='word_1_114' title='bbox 538 2111 763 2192; x_wconf 81' lang='lat' dir='ltr'>integritatem</span> <span class='ocrx_word' id='word_1_115' title='bbox 785 2107 819 2170; x_wconf 91' lang='lat' dir='ltr'>in</span> <span class='ocrx_word' id='word_1_116' title='bbox 842 2113 996 2192; x_wconf 88' lang='lat' dir='ltr'>promptu</span> <span class='ocrx_word' id='word_1_117' title='bbox 1018 2114 1135 2194; x_wconf 89' lang='lat' dir='ltr'>ponat,</span> <span class='ocrx_word' id='word_1_118' title='bbox 1165 2110 1265 2173; x_wconf 91' lang='lat' dir='ltr'>nimio</span> <span class='ocrx_word' id='word_1_119' title='bbox 1287 2132 1344 2193; x_wconf 89' lang='lat' dir='ltr'>pa·</span> 
     </span>
     <span class='ocr_line' id='line_1_17' title="bbox 218 2210 1343 2294; baseline -0.001 -15"><span class='ocrx_word' id='word_1_120' title='bbox 218 2216 302 2279; x_wconf 89' lang='lat' dir='ltr'>triae</span> <span class='ocrx_word' id='word_1_121' title='bbox 325 2233 436 2280; x_wconf 89' lang='lat' dir='ltr'>amore</span> <span class='ocrx_word' id='word_1_122' title='bbox 463 2217 670 2277; x_wconf 89' lang='lat' dir='ltr'>occaecatum</span> <span class='ocrx_word' id='word_1_123' title='bbox 693 2212 727 2274; x_wconf 92' lang='lat' dir='ltr'>in</span> <span class='ocrx_word' id='word_1_124' title='bbox 749 2210 962 2294; x_wconf 89' lang='lat' dir='ltr'>malignitatis</span> <span class='ocrx_word' id='word_1_125' title='bbox 994 2216 1029 2274; x_wconf 91' lang='lat' dir='ltr'>et</span> <span class='ocrx_word' id='word_1_126' title='bbox 1058 2210 1240 2276; x_wconf 89' lang='lat' dir='ltr'>iniust&#39;tiae</span> <span class='ocrx_word' id='word_1_127' title='bbox 1262 2212 1343 2278; x_wconf 86' lang='lat' dir='ltr'>vitia</span> 
     </span>
     <span class='ocr_line' id='line_1_18' title="bbox 218 2313 1344 2397; baseline -0.001 -19"><span class='ocrx_word' id='word_1_128' title='bbox 218 2315 372 2380; x_wconf 84' lang='lat' dir='ltr'>incidisse</span> <span class='ocrx_word' id='word_1_129' title='bbox 407 2314 487 2379; x_wconf 93' lang='lat' dir='ltr'>mihi</span> <span class='ocrx_word' id='word_1_130' title='bbox 520 2313 650 2395; x_wconf 90' lang='lat' dir='ltr'>quidem</span> <span class='ocrx_word' id='word_1_131' title='bbox 687 2335 707 2376; x_wconf 90' lang='lat' dir='ltr'>a</span> <span class='ocrx_word' id='word_1_132' title='bbox 735 2313 969 2397; x_wconf 90' lang='lat' dir='ltr'>probabilitate</span> <span class='ocrx_word' id='word_1_133' title='bbox 998 2334 1132 2397; x_wconf 89' lang='lat' dir='ltr'>prorsus</span> <span class='ocrx_word' id='word_1_134' title='bbox 1167 2313 1344 2380; x_wconf 88' lang='lat' dir='ltr'>abhorrere</span> 
     </span>
     <span class='ocr_line' id='line_1_19' title="bbox 218 2415 1344 2498; baseline -0.002 -18"><span class='ocrx_word' id='word_1_135' title='bbox 218 2417 347 2482; x_wconf 91' lang='lat' dir='ltr'>videtur</span> <span class='ocrx_word' id='word_1_136' title='bbox 354 2441 363 2492; x_wconf 84' lang='lat'>3</span> <span class='ocrx_word' id='word_1_137' title='bbox 401 2417 453 2481; x_wconf 87' lang='lat' dir='ltr'>fac</span> <span class='ocrx_word' id='word_1_138' title='bbox 484 2422 594 2480; x_wconf 90' lang='lat' dir='ltr'>autem</span> <span class='ocrx_word' id='word_1_139' title='bbox 620 2416 750 2498; x_wconf 87' lang='lat' dir='ltr'>patriae</span> <span class='ocrx_word' id='word_1_140' title='bbox 782 2436 891 2479; x_wconf 92' lang='lat' dir='ltr'>amore</span> <span class='ocrx_word' id='word_1_141' title='bbox 920 2415 1097 2497; x_wconf 90' lang='lat' dir='ltr'>impulsum</span> <span class='ocrx_word' id='word_1_142' title='bbox 1132 2415 1344 2480; x_wconf 88' lang='lat' dir='ltr'>Plutarchum</span> 
     </span>
     <span class='ocr_line' id='line_1_20' title="bbox 209 2517 1344 2608; baseline -0.002 -27"><span class='ocrx_word' id='word_1_143' title='bbox 209 2517 379 2608; x_wconf 76' lang='lat' dir='ltr'>¹Herodoti</span> <span class='ocrx_word' id='word_1_144' title='bbox 401 2518 568 2584; x_wconf 85' lang='lat' dir='ltr'>refutandi</span> <span class='ocrx_word' id='word_1_145' title='bbox 590 2537 724 2601; x_wconf 91' lang='lat' dir='ltr'>operam</span> <span class='ocrx_word' id='word_1_146' title='bbox 747 2518 937 2602; x_wconf 90' lang='lat' dir='ltr'>suscepisse,</span> <span class='ocrx_word' id='word_1_147' title='bbox 960 2517 1040 2600; x_wconf 89' lang='lat' dir='ltr'>quid</span> <span class='ocrx_word' id='word_1_148' title='bbox 1053 2517 1103 2581; x_wconf 90' lang='lat' dir='ltr'>vel</span> <span class='ocrx_word' id='word_1_149' title='bbox 1126 2517 1344 2583; x_wconf 86' lang='lat' dir='ltr'>acerbissimis</span> 
     </span>
     <span class='ocr_line' id='line_1_21' title="bbox 217 2619 1344 2709; baseline 0 -26"><span class='ocrx_word' id='word_1_150' title='bbox 217 2621 375 2706; x_wconf 73' lang='lat' dir='ltr'>verbis38)</span> <span class='ocrx_word' id='word_1_151' title='bbox 398 2622 433 2685; x_wconf 90' lang='lat' dir='ltr'>in</span> <span class='ocrx_word' id='word_1_152' title='bbox 454 2626 583 2709; x_wconf 77' lang='lat' dir='ltr'>patrem</span> <span class='ocrx_word' id='word_1_153' title='bbox 605 2619 762 2685; x_wconf 86' lang='lat' dir='ltr'>historiae</span> <span class='ocrx_word' id='word_1_154' title='bbox 784 2620 930 2684; x_wconf 84' lang='lat' dir='ltr'>invectus</span> <span class='ocrx_word' id='word_1_155' title='bbox 953 2625 1003 2684; x_wconf 90' lang='lat' dir='ltr'>est</span> <span class='ocrx_word' id='word_1_156' title='bbox 1010 2669 1020 2703; x_wconf 92' lang='lat'>,</span> <span class='ocrx_word' id='word_1_157' title='bbox 1050 2640 1249 2703; x_wconf 87' lang='lat' dir='ltr'>quamquam</span> <span class='ocrx_word' id='word_1_158' title='bbox 1272 2619 1344 2684; x_wconf 89' lang='lat' dir='ltr'>aliis</span> 
     </span>
     <span class='ocr_line' id='line_1_22' title="bbox 221 2721 1009 2804; baseline 0.004 -18"><span class='ocrx_word' id='word_1_159' title='bbox 221 2723 301 2789; x_wconf 88' lang='lat' dir='ltr'>locis</span> <span class='ocrx_word' id='word_1_160' title='bbox 325 2723 364 2787; x_wconf 90' lang='lat' dir='ltr'>de</span> <span class='ocrx_word' id='word_1_161' title='bbox 388 2721 501 2788; x_wconf 90' lang='lat' dir='ltr'>eodem</span> <span class='ocrx_word' id='word_1_162' title='bbox 523 2722 629 2787; x_wconf 82' lang='lat' dir='ltr'>verbis</span> <span class='ocrx_word' id='word_1_163' title='bbox 651 2723 757 2785; x_wconf 88' lang='lat' dir='ltr'>utitur</span> <span class='ocrx_word' id='word_1_164' title='bbox 779 2722 935 2786; x_wconf 89' lang='lat' dir='ltr'>modestis</span> <span class='ocrx_word' id='word_1_165' title='bbox 945 2724 1009 2804; x_wconf 69' lang='lat' dir='ltr'>ill?</span> 
     </span>
    </p>
   </div>
   <div class='ocr_carea' id='block_1_3' title="bbox 216 2976 1346 4246">
    <p class='ocr_par' dir='ltr' id='par_1_5' title="bbox 216 2976 1346 3974">
     <span class='ocr_line' id='line_1_23' title="bbox 286 2976 1345 3049; baseline -0.002 -18"><span class='ocrx_word' id='word_1_166' title='bbox 286 2979 329 3042; x_wconf 84' lang='grc'>37)</span> <span class='ocrx_word' id='word_1_167' title='bbox 358 2978 439 3049; x_wconf 79' lang='lat' dir='ltr'>Apud</span> <span class='ocrx_word' id='word_1_168' title='bbox 455 2977 633 3032; x_wconf 85' lang='lat' dir='ltr'>Niebuhrium</span> <span class='ocrx_word' id='word_1_169' title='bbox 652 2977 846 3046; x_wconf 80' lang='lat' dir='ltr'>(Vorlesungen</span> <span class='ocrx_word' id='word_1_170' title='bbox 865 2978 947 3031; x_wconf 88' lang='lat' dir='ltr'>ueber</span> <span class='ocrx_word' id='word_1_171' title='bbox 965 2976 1017 3032; x_wconf 83' lang='lat' dir='ltr'>alte</span> <span class='ocrx_word' id='word_1_172' title='bbox 1036 2976 1132 3035; x_wconf 84' lang='lat' dir='ltr'>Gesch.</span> <span class='ocrx_word' id='word_1_173' title='bbox 1152 2977 1173 3043; x_wconf 88' lang='lat'>1,</span> <span class='ocrx_word' id='word_1_174' title='bbox 1195 2976 1256 3047; x_wconf 82' lang='lat'>388)</span> <span class='ocrx_word' id='word_1_175' title='bbox 1279 2976 1345 3030; x_wconf 89' lang='lat' dir='ltr'>haee</span> 
     </span>
     <span class='ocr_line' id='line_1_24' title="bbox 221 3061 1344 3132; baseline 0.001 -17"><span class='ocrx_word' id='word_1_176' title='bbox 221 3070 343 3116; x_wconf 85' lang='lat' dir='ltr'>exstant:</span> <span class='ocrx_word' id='word_1_177' title='bbox 365 3063 514 3129; x_wconf 82' lang='lat' dir='ltr'>„Plutarch</span> <span class='ocrx_word' id='word_1_178' title='bbox 532 3064 580 3117; x_wconf 89' lang='lat' dir='ltr'>der</span> <span class='ocrx_word' id='word_1_179' title='bbox 598 3063 714 3116; x_wconf 87' lang='lat' dir='ltr'>Boeoter</span> <span class='ocrx_word' id='word_1_180' title='bbox 731 3061 809 3132; x_wconf 87' lang='lat' dir='ltr'>klagt</span> <span class='ocrx_word' id='word_1_181' title='bbox 826 3064 854 3116; x_wconf 91' lang='lat' dir='ltr'>in</span> <span class='ocrx_word' id='word_1_182' title='bbox 871 3065 932 3117; x_wconf 90' lang='lat' dir='ltr'>dem</span> <span class='ocrx_word' id='word_1_183' title='bbox 950 3064 1042 3118; x_wconf 90' lang='lat' dir='ltr'>Buche</span> <span class='ocrx_word' id='word_1_184' title='bbox 1061 3067 1117 3131; x_wconf 67' lang='lat' dir='ltr'>arpi</span> <span class='ocrx_word' id='word_1_185' title='bbox 1136 3069 1182 3127; x_wconf 75' lang='grc' dir='ltr'>τῆς</span> <span class='ocrx_word' id='word_1_186' title='bbox 1196 3061 1344 3130; x_wconf 72' lang='grc' dir='ltr'>Ἡροδότου</span> 
     </span>
     <span class='ocr_line' id='line_1_25' title="bbox 219 3147 1345 3213; baseline 0.004 -14"><span class='ocrx_word' id='word_1_187' title='bbox 219 3155 382 3213; x_wconf 64' lang='grc' dir='ltr'><em>κακοηθείας</em></span> <span class='ocrx_word' id='word_1_188' title='bbox 405 3150 452 3202; x_wconf 92' lang='lat' dir='ltr'>ihn</span> <span class='ocrx_word' id='word_1_189' title='bbox 476 3150 525 3202; x_wconf 86' lang='lat' dir='ltr'>der</span> <span class='ocrx_word' id='word_1_190' title='bbox 548 3147 696 3212; x_wconf 70' lang='grc' dir='ltr'>κακωήθηα</span> <span class='ocrx_word' id='word_1_191' title='bbox 717 3190 723 3203; x_wconf 93' lang='grc'><strong>.</strong></span> <span class='ocrx_word' id='word_1_192' title='bbox 746 3188 752 3202; x_wconf 90' lang='grc'><strong>.</strong></span> <span class='ocrx_word' id='word_1_193' title='bbox 774 3189 780 3202; x_wconf 92' lang='grc'><strong>.</strong></span> <span class='ocrx_word' id='word_1_194' title='bbox 803 3193 807 3202; x_wconf 95' lang='grc'>.</span> <span class='ocrx_word' id='word_1_195' title='bbox 829 3149 867 3203; x_wconf 91' lang='lat' dir='ltr'>Zu</span> <span class='ocrx_word' id='word_1_196' title='bbox 891 3150 990 3202; x_wconf 89' lang='lat' dir='ltr'>diesem</span> <span class='ocrx_word' id='word_1_197' title='bbox 1010 3150 1146 3203; x_wconf 85' lang='lat' dir='ltr'>Vorwurfe</span> <span class='ocrx_word' id='word_1_198' title='bbox 1169 3150 1261 3202; x_wconf 87' lang='lat' dir='ltr'>wurde</span> <span class='ocrx_word' id='word_1_199' title='bbox 1283 3149 1345 3203; x_wconf 91' lang='lat' dir='ltr'>Plu·</span> 
     </span>
     <span class='ocr_line' id='line_1_26' title="bbox 218 3233 1346 3298; baseline 0.001 -11"><span class='ocrx_word' id='word_1_200' title='bbox 218 3233 294 3287; x_wconf 83' lang='lat' dir='ltr'>tarch</span> <span class='ocrx_word' id='word_1_201' title='bbox 311 3233 394 3287; x_wconf 89' lang='lat' dir='ltr'>durch</span> <span class='ocrx_word' id='word_1_202' title='bbox 413 3235 504 3287; x_wconf 88' lang='lat' dir='ltr'>seinen</span> <span class='ocrx_word' id='word_1_203' title='bbox 522 3235 693 3289; x_wconf 87' lang='lat' dir='ltr'>boeotischen</span> <span class='ocrx_word' id='word_1_204' title='bbox 713 3234 898 3288; x_wconf 84' lang='lat' dir='ltr'>Patriotismus</span> <span class='ocrx_word' id='word_1_205' title='bbox 915 3234 1086 3290; x_wconf 86' lang='lat' dir='ltr'>veranlasst.</span> <span class='ocrx_word' id='word_1_206' title='bbox 1109 3276 1114 3286; x_wconf 94' lang='lat'>.</span> <span class='ocrx_word' id='word_1_207' title='bbox 1137 3239 1182 3298; x_wconf 88' lang='lat'>.“;</span> <span class='ocrx_word' id='word_1_208' title='bbox 1208 3235 1240 3288; x_wconf 81' lang='lat' dir='ltr'>cs.</span> <span class='ocrx_word' id='word_1_209' title='bbox 1266 3234 1346 3288; x_wconf 85' lang='lat' dir='ltr'>Kalt·</span> 
     </span>
     <span class='ocr_line' id='line_1_27' title="bbox 217 3318 1346 3390; baseline 0.002 -18"><span class='ocrx_word' id='word_1_210' title='bbox 217 3336 315 3372; x_wconf 85' lang='lat' dir='ltr'>wasser</span> <span class='ocrx_word' id='word_1_211' title='bbox 331 3318 349 3372; x_wconf 92' lang='lat' dir='ltr'>l.</span> <span class='ocrx_word' id='word_1_212' title='bbox 370 3318 388 3372; x_wconf 92' lang='lat' dir='ltr'>l.</span> <span class='ocrx_word' id='word_1_213' title='bbox 409 3319 455 3383; x_wconf 90' lang='lat' dir='ltr'>VI,</span> <span class='ocrx_word' id='word_1_214' title='bbox 481 3319 532 3374; x_wconf 83' lang='lat'>417</span> <span class='ocrx_word' id='word_1_215' title='bbox 551 3327 578 3373; x_wconf 91' lang='lat' dir='ltr'>et</span> <span class='ocrx_word' id='word_1_216' title='bbox 595 3320 693 3374; x_wconf 87' lang='lat' dir='ltr'>Baehr.</span> <span class='ocrx_word' id='word_1_217' title='bbox 720 3319 750 3383; x_wconf 84' lang='lat' dir='ltr'>(l.</span> <span class='ocrx_word' id='word_1_218' title='bbox 769 3319 788 3373; x_wconf 93' lang='lat' dir='ltr'>l.</span> <span class='ocrx_word' id='word_1_219' title='bbox 813 3337 875 3389; x_wconf 87' lang='lat' dir='ltr'>pag.</span> <span class='ocrx_word' id='word_1_220' title='bbox 898 3323 974 3384; x_wconf 79' lang='lat'>126):</span> <span class='ocrx_word' id='word_1_221' title='bbox 1002 3320 1060 3385; x_wconf 86' lang='lat' dir='ltr'>„Es</span> <span class='ocrx_word' id='word_1_222' title='bbox 1084 3319 1170 3373; x_wconf 89' lang='lat' dir='ltr'>heisse</span> <span class='ocrx_word' id='word_1_223' title='bbox 1196 3320 1346 3390; x_wconf 77' lang='lat' dir='ltr'>uberhaupt</span> 
     </span>
     <span class='ocr_line' id='line_1_28' title="bbox 218 3404 1346 3474; baseline 0.002 -18"><span class='ocrx_word' id='word_1_224' title='bbox 218 3404 246 3456; x_wconf 88' lang='lat' dir='ltr'>in</span> <span class='ocrx_word' id='word_1_225' title='bbox 264 3404 308 3458; x_wconf 90' lang='lat' dir='ltr'>die</span> <span class='ocrx_word' id='word_1_226' title='bbox 327 3404 387 3458; x_wconf 88' lang='lat' dir='ltr'>edle</span> <span class='ocrx_word' id='word_1_227' title='bbox 406 3404 562 3474; x_wconf 78' lang='lat' dir='ltr'>Gesinnung</span> <span class='ocrx_word' id='word_1_228' title='bbox 580 3404 652 3458; x_wconf 87' lang='lat' dir='ltr'>eines</span> <span class='ocrx_word' id='word_1_229' title='bbox 666 3404 793 3458; x_wconf 84' lang='lat' dir='ltr'>Plutarch</span> <span class='ocrx_word' id='word_1_230' title='bbox 808 3405 895 3473; x_wconf 85' lang='lat' dir='ltr'>wenig</span> <span class='ocrx_word' id='word_1_231' title='bbox 907 3405 1054 3458; x_wconf 86' lang='lat' dir='ltr'>Vertrauen</span> <span class='ocrx_word' id='word_1_232' title='bbox 1072 3413 1170 3470; x_wconf 86' lang='lat' dir='ltr'>setzen,</span> <span class='ocrx_word' id='word_1_233' title='bbox 1189 3423 1265 3458; x_wconf 87' lang='lat' dir='ltr'>wenn</span> <span class='ocrx_word' id='word_1_234' title='bbox 1283 3423 1346 3459; x_wconf 89' lang='lat' dir='ltr'>man</span> 
     </span>
     <span class='ocr_line' id='line_1_29' title="bbox 218 3488 1345 3561; baseline 0.003 -20"><span class='ocrx_word' id='word_1_235' title='bbox 218 3488 265 3541; x_wconf 91' lang='lat' dir='ltr'>ihn</span> <span class='ocrx_word' id='word_1_236' title='bbox 283 3490 325 3541; x_wconf 85' lang='lat' dir='ltr'>fur</span> <span class='ocrx_word' id='word_1_237' title='bbox 342 3489 417 3558; x_wconf 76' lang='lat' dir='ltr'>fahig</span> <span class='ocrx_word' id='word_1_238' title='bbox 435 3488 636 3554; x_wconf 75' lang='lat' dir='ltr'>haltensollte,</span> <span class='ocrx_word' id='word_1_239' title='bbox 658 3490 701 3542; x_wconf 86' lang='lat' dir='ltr'>ein</span> <span class='ocrx_word' id='word_1_240' title='bbox 719 3488 793 3542; x_wconf 91' lang='lat' dir='ltr'>solch</span> <span class='ocrx_word' id='word_1_241' title='bbox 811 3488 949 3543; x_wconf 75' lang='lat' dir='ltr'>armliches</span> <span class='ocrx_word' id='word_1_242' title='bbox 968 3489 1108 3559; x_wconf 87' lang='lat' dir='ltr'>Pamphlet</span> <span class='ocrx_word' id='word_1_243' title='bbox 1125 3490 1179 3543; x_wconf 83' lang='lat' dir='ltr'>roll</span> <span class='ocrx_word' id='word_1_244' title='bbox 1196 3490 1345 3561; x_wconf 76' lang='lat' dir='ltr'>lappischer</span> 
     </span>
     <span class='ocr_line' id='line_1_30' title="bbox 222 3572 1343 3640; baseline 0.003 -14"><span class='ocrx_word' id='word_1_245' title='bbox 222 3572 360 3627; x_wconf 83' lang='lat' dir='ltr'>Vorwiirfe</span> <span class='ocrx_word' id='word_1_246' title='bbox 379 3574 459 3626; x_wconf 88' lang='lat' dir='ltr'>wider</span> <span class='ocrx_word' id='word_1_247' title='bbox 477 3574 555 3628; x_wconf 86' lang='lat' dir='ltr'>einen</span> <span class='ocrx_word' id='word_1_248' title='bbox 572 3574 696 3628; x_wconf 87' lang='lat' dir='ltr'>Herodot</span> <span class='ocrx_word' id='word_1_249' title='bbox 713 3593 744 3627; x_wconf 86' lang='lat' dir='ltr'>zu</span> <span class='ocrx_word' id='word_1_250' title='bbox 762 3574 909 3640; x_wconf 88' lang='lat' dir='ltr'>schreiben,</span> <span class='ocrx_word' id='word_1_251' title='bbox 929 3575 1026 3628; x_wconf 89' lang='lat' dir='ltr'>dessen</span> <span class='ocrx_word' id='word_1_252' title='bbox 1044 3575 1121 3628; x_wconf 88' lang='lat' dir='ltr'>tiefer</span> <span class='ocrx_word' id='word_1_253' title='bbox 1137 3574 1228 3640; x_wconf 90' lang='lat' dir='ltr'>Ernst,</span> <span class='ocrx_word' id='word_1_254' title='bbox 1247 3576 1343 3629; x_wconf 87' lang='lat' dir='ltr'>dessen</span> 
     </span>
     <span class='ocr_line' id='line_1_31' title="bbox 217 3652 1344 3730; baseline 0.002 -18"><span class='ocrx_word' id='word_1_255' title='bbox 217 3658 358 3729; x_wconf 76' lang='lat' dir='ltr'>religiosor</span> <span class='ocrx_word' id='word_1_256' title='bbox 377 3659 520 3713; x_wconf 72' lang='lat' dir='ltr'>character</span> <span class='ocrx_word' id='word_1_257' title='bbox 537 3659 590 3712; x_wconf 89' lang='lat' dir='ltr'>deu</span> <span class='ocrx_word' id='word_1_258' title='bbox 614 3652 932 3728; x_wconf 79' lang='lat' dir='ltr'>gleichgesinnten</span> <span class='ocrx_word' id='word_1_259' title='bbox 951 3659 1120 3713; x_wconf 86' lang='lat' dir='ltr'>Chaeroneer</span> <span class='ocrx_word' id='word_1_260' title='bbox 1137 3659 1230 3728; x_wconf 86' lang='lat' dir='ltr'>gewiss</span> <span class='ocrx_word' id='word_1_261' title='bbox 1248 3662 1344 3730; x_wconf 86' lang='lat' dir='ltr'>ergrei·</span> 
     </span>
     <span class='ocr_line' id='line_1_32' title="bbox 216 3743 1345 3813; baseline 0.003 -16"><span class='ocrx_word' id='word_1_262' title='bbox 216 3745 260 3798; x_wconf 88' lang='lat' dir='ltr'>fen</span> <span class='ocrx_word' id='word_1_263' title='bbox 270 3787 276 3800; x_wconf 81' lang='grc'><strong><em>,</em></strong></span> <span class='ocrx_word' id='word_1_264' title='bbox 288 3785 294 3798; x_wconf 94' lang='grc'><strong>.</strong></span> <span class='ocrx_word' id='word_1_265' title='bbox 307 3789 313 3800; x_wconf 85' lang='grc'><strong><em>,</em></strong></span> <span class='ocrx_word' id='word_1_266' title='bbox 324 3787 330 3799; x_wconf 88' lang='grc'><strong>.</strong></span> <span class='ocrx_word' id='word_1_267' title='bbox 341 3755 449 3800; x_wconf 87' lang='lat' dir='ltr'>musste.</span> <span class='ocrx_word' id='word_1_268' title='bbox 470 3745 532 3798; x_wconf 89' lang='lat' dir='ltr'>Und</span> <span class='ocrx_word' id='word_1_269' title='bbox 550 3743 618 3798; x_wconf 90' lang='lat' dir='ltr'>eben</span> <span class='ocrx_word' id='word_1_270' title='bbox 636 3763 666 3797; x_wconf 84' lang='lat' dir='ltr'>so</span> <span class='ocrx_word' id='word_1_271' title='bbox 678 3744 767 3813; x_wconf 87' lang='lat' dir='ltr'>wenig</span> <span class='ocrx_word' id='word_1_272' title='bbox 785 3746 894 3798; x_wconf 73' lang='lat' dir='ltr'>konnen</span> <span class='ocrx_word' id='word_1_273' title='bbox 905 3745 953 3799; x_wconf 88' lang='lat' dir='ltr'>wir</span> <span class='ocrx_word' id='word_1_274' title='bbox 969 3762 1019 3798; x_wconf 87' lang='lat' dir='ltr'>uns</span> <span class='ocrx_word' id='word_1_275' title='bbox 1037 3745 1114 3798; x_wconf 90' lang='lat' dir='ltr'>einen</span> <span class='ocrx_word' id='word_1_276' title='bbox 1131 3744 1213 3798; x_wconf 87' lang='lat' dir='ltr'>Manu</span> <span class='ocrx_word' id='word_1_277' title='bbox 1225 3744 1273 3799; x_wconf 86' lang='lat' dir='ltr'>wie</span> <span class='ocrx_word' id='word_1_278' title='bbox 1284 3745 1345 3800; x_wconf 92' lang='lat' dir='ltr'>Plu·</span> 
     </span>
     <span class='ocr_line' id='line_1_33' title="bbox 216 3829 1345 3899; baseline 0.003 -17"><span class='ocrx_word' id='word_1_279' title='bbox 216 3831 291 3883; x_wconf 81' lang='lat' dir='ltr'>tarch</span> <span class='ocrx_word' id='word_1_280' title='bbox 311 3848 363 3882; x_wconf 90' lang='lat' dir='ltr'>von</span> <span class='ocrx_word' id='word_1_281' title='bbox 381 3848 410 3883; x_wconf 88' lang='lat' dir='ltr'>so</span> <span class='ocrx_word' id='word_1_282' title='bbox 428 3829 539 3883; x_wconf 89' lang='lat' dir='ltr'>blinden</span> <span class='ocrx_word' id='word_1_283' title='bbox 552 3829 738 3883; x_wconf 88' lang='lat' dir='ltr'>Vorurtheilen</span> <span class='ocrx_word' id='word_1_284' title='bbox 757 3829 868 3899; x_wconf 88' lang='lat' dir='ltr'>geleitet</span> <span class='ocrx_word' id='word_1_285' title='bbox 885 3830 1002 3896; x_wconf 84' lang='lat' dir='ltr'>denhen,</span> <span class='ocrx_word' id='word_1_286' title='bbox 1022 3832 1083 3885; x_wconf 88' lang='lat' dir='ltr'>dass</span> <span class='ocrx_word' id='word_1_287' title='bbox 1101 3849 1131 3884; x_wconf 90' lang='lat' dir='ltr'>er</span> <span class='ocrx_word' id='word_1_288' title='bbox 1147 3849 1179 3885; x_wconf 84' lang='lat' dir='ltr'>zu</span> <span class='ocrx_word' id='word_1_289' title='bbox 1194 3831 1277 3885; x_wconf 83' lang='lat' dir='ltr'>Liebe</span> <span class='ocrx_word' id='word_1_290' title='bbox 1295 3833 1345 3886; x_wconf 87' lang='lat' dir='ltr'>sei-</span> 
     </span>
     <span class='ocr_line' id='line_1_34' title="bbox 216 3914 1343 3974; baseline 0.003 -7"><span class='ocrx_word' id='word_1_291' title='bbox 216 3932 264 3969; x_wconf 90' lang='lat' dir='ltr'>ner</span> <span class='ocrx_word' id='word_1_292' title='bbox 278 3916 408 3969; x_wconf 90' lang='lat' dir='ltr'>Heimath</span> <span class='ocrx_word' id='word_1_293' title='bbox 425 3916 482 3969; x_wconf 89' lang='lat' dir='ltr'>sich</span> <span class='ocrx_word' id='word_1_294' title='bbox 499 3933 532 3968; x_wconf 85' lang='lat' dir='ltr'>zu</span> <span class='ocrx_word' id='word_1_295' title='bbox 550 3915 624 3967; x_wconf 89' lang='lat' dir='ltr'>einer</span> <span class='ocrx_word' id='word_1_296' title='bbox 642 3914 750 3969; x_wconf 87' lang='lat' dir='ltr'>solohen</span> <span class='ocrx_word' id='word_1_297' title='bbox 765 3915 975 3969; x_wconf 73' lang='lat' dir='ltr'>Schmahschriit</span> <span class='ocrx_word' id='word_1_298' title='bbox 993 3917 1067 3970; x_wconf 69' lang='lat' dir='ltr'>hatte</span> <span class='ocrx_word' id='word_1_299' title='bbox 1077 3917 1206 3970; x_wconf 85' lang='lat' dir='ltr'>verleiten</span> <span class='ocrx_word' id='word_1_300' title='bbox 1225 3917 1343 3974; x_wconf 85' lang='lat' dir='ltr'>lassen.“</span> 
     </span>
    </p>

    <p class='ocr_par' dir='ltr' id='par_1_6' title="bbox 218 3999 1345 4160">
     <span class='ocr_line' id='line_1_35' title="bbox 284 3999 1345 4073; baseline 0.001 -19"><span class='ocrx_word' id='word_1_301' title='bbox 284 4004 328 4065; x_wconf 85' lang='grc'>38)</span> <span class='ocrx_word' id='word_1_302' title='bbox 347 4001 432 4055; x_wconf 81' lang='lat' dir='ltr'>Sicuti</span> <span class='ocrx_word' id='word_1_303' title='bbox 450 4019 474 4058; x_wconf 75' lang='lat' dir='ltr'>c.</span> <span class='ocrx_word' id='word_1_304' title='bbox 493 4005 535 4065; x_wconf 84' lang='lat'>23,</span> <span class='ocrx_word' id='word_1_305' title='bbox 556 4005 572 4054; x_wconf 90' lang='grc'><strong>3</strong></span> <span class='ocrx_word' id='word_1_306' title='bbox 590 3999 730 4069; x_wconf 65' lang='grc' dir='ltr'>εὔρυθμός</span> <span class='ocrx_word' id='word_1_307' title='bbox 749 4021 777 4068; x_wconf 69' lang='lat' dir='ltr'>ys</span> <span class='ocrx_word' id='word_1_308' title='bbox 796 4003 838 4050; x_wconf 80' lang='grc' dir='ltr'>καὶ</span> <span class='ocrx_word' id='word_1_309' title='bbox 856 4000 989 4059; x_wconf 77' lang='grc' dir='ltr'><strong><em>πολιτικὸς</em></strong></span> <span class='ocrx_word' id='word_1_310' title='bbox 1007 4002 1021 4055; x_wconf 84' lang='lat'>0‘</span> <span class='ocrx_word' id='word_1_311' title='bbox 1040 4004 1141 4072; x_wconf 72' lang='grc' dir='ltr'>μυκτὴρ</span> <span class='ocrx_word' id='word_1_312' title='bbox 1160 4004 1207 4056; x_wconf 77' lang='grc' dir='ltr'>τοῦ</span> <span class='ocrx_word' id='word_1_313' title='bbox 1227 4020 1345 4073; x_wconf 73' lang='grc' dir='ltr'><em>συγγρα-</em></span> 
     </span>
     <span class='ocr_line' id='line_1_36' title="bbox 218 4084 1292 4160; baseline 0.003 -23"><span class='ocrx_word' id='word_1_314' title='bbox 218 4089 285 4154; x_wconf 69' lang='grc' dir='ltr'>φέως</span> <span class='ocrx_word' id='word_1_315' title='bbox 303 4089 339 4146; x_wconf 78' lang='grc' dir='ltr'>εἰς</span> <span class='ocrx_word' id='word_1_316' title='bbox 357 4089 463 4157; x_wconf 74' lang='grc' dir='ltr'><strong><em>Κᾶρας,</em></strong></span> <span class='ocrx_word' id='word_1_317' title='bbox 482 4086 566 4157; x_wconf 73' lang='grc' dir='ltr'><strong><em>ὥσπερ</em></strong></span> <span class='ocrx_word' id='word_1_318' title='bbox 586 4091 623 4146; x_wconf 81' lang='grc' dir='ltr'>εἰς</span> <span class='ocrx_word' id='word_1_319' title='bbox 641 4084 764 4157; x_wconf 82' lang='grc' dir='ltr'><strong><em>κόρακας,</em></strong></span> <span class='ocrx_word' id='word_1_320' title='bbox 784 4085 1066 4155; x_wconf 56' lang='grc' dir='ltr'>ἄποδιαπομπουμύου</span> <span class='ocrx_word' id='word_1_321' title='bbox 1083 4090 1131 4144; x_wconf 79' lang='grc' dir='ltr'>τὸν</span> <span class='ocrx_word' id='word_1_322' title='bbox 1145 4087 1292 4160; x_wconf 73' lang='grc' dir='ltr'><strong><em>Ἰσαγόραν.</em></strong></span> 
     </span>
    </p>

    <p class='ocr_par' dir='ltr' id='par_1_7' title="bbox 285 4172 1345 4246">
     <span class='ocr_line' id='line_1_37' title="bbox 285 4172 1345 4246; baseline 0.002 -20"><span class='ocrx_word' id='word_1_323' title='bbox 285 4177 328 4238; x_wconf 85' lang='grc'>39)</span> <span class='ocrx_word' id='word_1_324' title='bbox 347 4173 380 4227; x_wconf 87' lang='grc' dir='ltr'>Ε.</span> <span class='ocrx_word' id='word_1_325' title='bbox 394 4190 427 4228; x_wconf 66' lang='grc' dir='ltr'>ιο.</span> <span class='ocrx_word' id='word_1_326' title='bbox 446 4173 527 4227; x_wconf 79' lang='lat' dir='ltr'>Arist.</span> <span class='ocrx_word' id='word_1_327' title='bbox 547 4190 568 4226; x_wconf 88' lang='lat' dir='ltr'>c.</span> <span class='ocrx_word' id='word_1_328' title='bbox 592 4176 638 4228; x_wconf 80' lang='lat'>19:</span> <span class='ocrx_word' id='word_1_329' title='bbox 662 4174 866 4243; x_wconf 76' lang='grc' dir='ltr'><strong><em>θαυμαστὸν</em></strong></span> <span class='ocrx_word' id='word_1_330' title='bbox 885 4172 932 4228; x_wconf 69' lang='grc' dir='ltr'>οὖν</span> <span class='ocrx_word' id='word_1_331' title='bbox 949 4172 981 4229; x_wconf 82' lang='grc' dir='ltr'>τό</span> <span class='ocrx_word' id='word_1_332' title='bbox 997 4174 1156 4246; x_wconf 74' lang='grc' dir='ltr'><em>Ἡροδότου,</em></span> <span class='ocrx_word' id='word_1_333' title='bbox 1174 4180 1228 4235; x_wconf 72' lang='grc' dir='ltr'>πῶς</span> <span class='ocrx_word' id='word_1_334' title='bbox 1244 4174 1345 4246; x_wconf 75' lang='grc' dir='ltr'>μόνους</span> 
     </span>
    </p>
   </div>
   <div class='ocr_carea' id='block_1_4' title="bbox 0 0 1596 4901">
    <p class='ocr_par' dir='ltr' id='par_1_8' title="bbox 0 0 1596 4901">
     <span class='ocr_line' id='line_1_38' title="bbox 0 0 1596 4901; baseline 0 0"><span class='ocrx_word' id='word_1_335' title='bbox 0 0 1596 4901; x_wconf 95' lang='lat' dir='ltr'> </span> 
     </span>
    </p>
   </div>
  </div>
 </body>
</html>
