3182 4906
732 506 923 573 ..g-

263 676 385 743 artiore
408 677 517 760 aliquo
539 675 776 743 familiaritatis
798 677 926 742 vinculo
955 695 1113 743 conexum
1144 677 1244 743 fuisse
1274 679 1391 755 videri3

263 799 348 862 quae
370 781 480 845 omnia
502 780 622 863 optime
647 779 809 862 quadrare
831 779 874 843 ad
895 779 1108 844 Plutarchum
1129 787 1226 862 putat
1235 783 1275 861 21)

347 881 428 945 lude
457 886 608 945 autema
631 880 664 968 ξ.
688 882 727 945 41
752 880 933 964 Lahmeyer
953 880 1149 964 probaturus
1173 882 1312 967 librum,
1335 883 1392 966 qui

265 984 343 1068 περὶ
356 986 411 1061 τῆς
418 980 605 1067 Ἡροδότου
617 978 826 1060 κακοηθείας
842 981 1042 1066 inscribitur,
1055 1006 1075 1049 a
1087 983 1252 1050 Plutarchi
1264 985 1392 1050 dicendi

265 1086 499 1150 consuetudine
520 1084 608 1149 haud
625 1083 980 1168 quaquamdiscedere
1002 1085 1107 1168 primo
1130 1086 1201 1151 loco
1225 1087 1265 1151 de
1287 1087 1391 1170 hiatu,

263 1207 359 1268 quem
373 1185 497 1270 dicunt,
521 1187 653 1251 disserit
660 1210 669 1261 ;
692 1207 768 1250 nam
781 1185 994 1251 Plutarchum
1015 1186 1107 1253 haud
1128 1189 1177 1254 ita
1200 1208 1297 1270 saepe
1319 1210 1392 1252 eum

265 1288 335 1352 sibi.
354 1288 529 1353 indulsisse
559 1288 645 1353 inter
672 1309 784 1353 omnes
823 1294 954 1355 constat
964 1292 1010 1371 30).
1062 1291 1165 1371 Atqui
1193 1291 1243 1354 vir
1276 1290 1392 1355 doctus

146 1445 152 1454 .
265 1392 478 1473 paucissimos
509 1388 589 1454 dicit
611 1397 740 1455 exstare
761 1390 873 1455 hiatus
895 1391 1027 1456 vitiosos
1049 1390 1083 1455 10
1105 1391 1163 1455 1110
1186 1391 1297 1456 libello
1325 1411 1391 1456 000-

266 1513 330 1573 que
365 1493 486 1575 partim
523 1491 596 1557 aliis
625 1512 755 1574 quoque
791 1491 831 1555 de
860 1491 967 1556 causis
996 1490 1207 1557 offensionem
1235 1492 1393 1577 praebere

266 1595 385 1676 partim
417 1596 465 1658 ita
494 1600 582 1658 certe
611 1600 814 1677 comparatos
844 1615 931 1677 esse,
960 1593 1117 1660 01100110
1140 1596 1392 1678 possintremo·

264 1697 346 1777 veri3
377 1695 586 1778 quamobrem
620 1696 766 1778 quamvis
790 1716 854 1760 000
878 1701 1018 1780 certum,
1048 1702 1157 1761 tamen
1179 1698 1246 1761 veri
1269 1697 1392 1762 similli-

264 1819 353 1862 mum
380 1818 450 1863 esse
478 1797 660 1861 arbitratur
689 1799 759 1862 iure
781 1797 964 1881 meritoque
987 1796 1073 1862 hunc
1095 1818 1225 1881 quoque
1246 1798 1393 1864 libellum

262 1898 443 1965 Plutarcho
465 1899 567 1964 tribui
590 1900 776 1985 auctori³¹).
1252 1966 1256 1975 ,

349 2001 431 2065 'lum
453 2022 529 2066 vero
552 2001 837 2066 commentationis
860 2000 1001 2084 scriptor
1023 2001 1215 2082 locutiones,
1240 2023 1322 2084 quas
1345 2002 1388 2065 di·

264 2108 361 2187 cunt,
391 2104 555 2185 congessit
584 2123 669 2185 quae
696 2112 729 2168 et
758 2104 793 2167 in
821 2102 959 2185 reliquis
981 2102 1151 2167 Plutarchi
1179 2103 1272 2168 libris
1303 2106 1392 2168 etin

264 2203 326 2268 hoo
355 2204 466 2269 libello
498 2210 644 2286 exstant3
675 2226 701 2270 0.
725 2226 749 2270 0.
779 2202 900 2279 αὐταῖς
922 2200 1055 2280 λέξεσιν
1083 2204 1252 2293 γέγραφεν
1282 2226 1308 2269 c.
1340 2206 1392 2290 37,

263 2300 380 2380 adress
402 2303 547 2390 dropace
568 2307 836 2392 yqpaqrvcao.
853 2303 1019 2370 -ταῦτα
1042 2305 1161 2392 σχεδὸν
1183 2307 1298 2383 αὐτοῖς
1319 2304 1393 2372 ὀνό-

264 2430 350 2490 μασι
372 2407 559 2492 γέγραπται
580 2430 608 2471 u.
631 2408 723 2473 Alex,
746 2430 771 2472 o.
793 2409 834 2471 41
858 2406 913 2493 (01.
935 2429 963 2472 0.
987 2408 1095 2475 Solon.
1119 2410 1180 2491 111).
1223 2409 1326 2474 Porro
1350 2408 1389 2473 01.

264 2530 289 2572 0.
311 2510 332 2572 3
356 2505 465 2573 ἔοικεν
492 2504 541 2585 εἰς
569 2508 631 2588 τήν
664 2506 824 2595 τραγικήν
846 2506 1020 2594 ἐμπίπτειν
1043 2507 1198 2596 κατάραν
1218 2546 1261 2556 -
1283 2503 1391 2594 ὥσπερ

263 2610 299 2673 ἐκ
324 2611 483 2697 τραγικῆς
506 2633 595 2686 τινος
617 2612 769 2696 κατάρας
797 2611 846 2675 De
876 2611 951 2678 frat.
983 2633 1036 2676 am
1069 2613 1107 2675 11
1132 2610 1195 2693 (De
1216 2630 1300 2695 resp.
1322 2631 1389 2674 sen.

333 2868 377 2927 29)
395 2863 510 2917 Baehrio
527 2880 590 2917 vero
608 2864 675 2918 haec
692 2864 781 2918 omnia
799 2864 974 2935 improbanda
986 2882 1043 2919 esse
1055 2864 1196 2929 videntur;
1216 2863 1308 2918 scribit
1320 2863 1390 2916 enim

263 2948 321 3003 11.
342 2967 369 3020 p.
391 2953 441 3003 124
457 2949 539 3002 haec:
569 2950 681 3015 „Wenn
704 2950 769 3003 aber
786 2951 879 3004 weiter
902 2968 950 3004 000
966 2951 1021 3005 Dio
1040 2950 1241 3020 chrysostomos
1265 2949 1320 3002 und
1344 2965 1390 3001 000

266 3035 432 3088 Phavorinus
449 3035 498 3088 der
515 3035 617 3089 Baucis
635 3051 795 3104 genommen
812 3036 920 3090 uerden
938 3036 1004 3101 soll,
1023 3036 1085 3090 dass
1102 3035 1181 3088 beide
1198 3035 1272 3088 diese
1290 3033 1391 3088 Schrift

264 3121 311 3174 des
329 3119 468 3174 Plutarcho
493 3120 628 3189 gehannt,
654 3137 683 3174 00
701 3121 826 3175 uuerden
843 3121 891 3174 wir
908 3122 1005 3177 daraus
1023 3139 1072 3175 uns
1089 3120 1159 3174 noch
1176 3120 1340 3189 keineswegs
1357 3136 1390 3172 zu

264 3206 326 3258 dem
344 3204 469 3259 Schlusse
487 3205 637 3275 berecbtigt
655 3205 761 3271 hulten,
787 3207 848 3259 dass
871 3206 914 3260 die
933 3206 1045 3272 schrift,
1071 3205 1131 3259 weil
1154 3206 1192 3259 sie
1210 3223 1262 3260 von
1281 3204 1390 3260 Schrifc

264 3290 373 3344 stellern
391 3290 519 3344 beruehrt
534 3291 632 3356 werde,
652 3290 696 3344 die
713 3291 751 3344 im
769 3291 877 3345 Gauron
895 3292 923 3345 10
940 3293 989 3345 das
1000 3289 1129 3346 Zeitalter
1142 3290 1281 3343 Plutarchs
1299 3289 1387 3354 101100,

262 3376 330 3430 auch
346 3375 469 3429 uirklich
486 3375 545 3429 eine
564 3375 663 3430 Schrift
680 3376 728 3429 des
741 3375 869 3430 Letzeren
888 3377 942 3441 sai3
963 3376 1042 3430 dabei
1058 3376 1213 3429 erscheinen
1230 3374 1274 3428 die
1290 3374 1390 3427 Berue-

263 3474 366 3530 rungen
385 3479 414 3514 00
432 3459 606 3530 allgemeiuer
622 3461 687 3525 Art,
717 3460 777 3514 dass
795 3461 842 3514 uir
859 3461 886 3514 in
904 3462 952 3515 der
970 3461 1041 3514 That
1058 3460 1230 3531 specielleren
1248 3458 1390 3513 Nachueis

262 3545 407 3615 verlangen
420 3546 554 3609 uuerden,
573 3563 652 3599 uenn
664 3546 713 3599 uir
724 3546 783 3617 0100
798 3546 955 3616 Beriebuug
973 3546 1020 3599 001
1029 3546 1073 3599 die
1083 3544 1279 3598 Plutarcb’sche
1291 3544 1390 3598 Schrift

258 3629 306 3683 hei
324 3631 379 3685 Dio
405 3631 607 3702 chrysostomos
629 3631 685 3684 und
702 3631 882 3697 Phavorinus,
912 3632 967 3686 also
992 3632 1051 3684 0100
1068 3629 1281 3684 Bekanntschclt
1303 3631 1390 3684 dieser

261 3715 359 3769 beiden
376 3717 426 3770 mit
443 3716 583 3771 derselben
601 3716 751 3771 annebmen
769 3717 887 3770 sollen.“

331 3821 374 3883 30)
394 3817 434 3871 Cl.
454 3819 584 3873 Berseler.
613 3820 665 3885 ‚De
691 3819 767 3873 hiatu
792 3819 819 3872 10
838 3818 987 3872 oratoribus
1005 3825 1032 3871 et
1049 3816 1183 3897 histoq‘cis
1200 3819 1302 3888 graecis
1326 3818 1389 3873 libri

261 3902 301 3955 Πί
320 3901 406 3969 (Frib.
427 3907 501 3969 1841,
522 3921 603 3975 pagg.
625 3908 770 3969 314-548)
780 3927 787 3968 3
814 3903 939 3957 Sintenis.
970 3903 1022 3969 ,De
1039 3903 1114 3958 hiatu
1132 3904 1160 3957 in
1177 3903 1312 3958 Plutarchi
1328 3903 1389 3958 vitis

263 3987 399 4057 parallelis
431 3988 543 4059 epistola
573 3991 607 4043 ad
630 3990 725 4044 Herm.
752 3988 899 4059 Sauppium
930 3989 1032 4060 (progr.
1058 3989 1141 4043 schol.
1171 3989 1273 4043 Zerbst.
1299 3989 1384 4060 1845),

263 4071 400 4127 Schelleus
417 4074 461 4127 De
478 4074 553 4129 hiatu
570 4075 598 4129 in
615 4075 750 4129 Plutarchi
768 4072 916 4129 Moralibus
934 4075 1035 4145 (1864).

330 4178 374 4242 31)
393 4175 470 4230 Haec
487 4178 578 4232 omnia
595 4178 709 4232 multum
726 4176 815 4233 ualere
832 4175 965 4232 Baehrius
981 4184 1064 4249 negat
1079 4176 1109 4245 (l.
1127 4175 1148 4232 l.
1167 4193 1192 4248 p.
1214 4178 1284 4243 125).
