<?xml version="1.0" encoding="UTF-8"?>
<!DOCTYPE html PUBLIC "-//W3C//DTD XHTML 1.0 Transitional//EN"
    "http://www.w3.org/TR/xhtml1/DTD/xhtml1-transitional.dtd">
<html xmlns="http://www.w3.org/1999/xhtml" xml:lang="en" lang="en">
 <head>
  <title>
</title>
<meta http-equiv="Content-Type" content="text/html;charset=utf-8" />
  <meta name='ocr-system' content='tesseract 3.04.00' />
  <meta name='ocr-capabilities' content='ocr_page ocr_carea ocr_par ocr_line ocrx_word'/>
</head>
<body>
  <div class='ocr_page' id='page_1' title='image "./quaestionesplut00hbgoog_0066.png"; bbox 0 0 3182 4906; ppageno 0'>
   <div class='ocr_carea' id='block_1_1' title="bbox 699 476 910 547">
    <p class='ocr_par' dir='ltr' id='par_1_1' title="bbox 699 476 910 547">
     <span class='ocr_line' id='line_1_1' title="bbox 699 476 910 547; baseline 0.005 -18"><span class='ocrx_word' id='word_1_1' title='bbox 699 476 910 547; x_wconf 71' lang='grc' dir='ltr'>..ὔῖ-</span> 
     </span>
    </p>
   </div>
   <div class='ocr_carea' id='block_1_2' title="bbox 155 649 1446 3082">
    <p class='ocr_par' dir='ltr' id='par_1_2' title="bbox 155 649 1446 3082">
     <span class='ocr_line' id='line_1_2' title="bbox 327 649 1366 737; baseline 0.003 -20"><span class='ocrx_word' id='word_1_2' title='bbox 327 651 465 719; x_wconf 86' lang='lat' dir='ltr'>Restant</span> <span class='ocrx_word' id='word_1_3' title='bbox 480 650 589 717; x_wconf 90' lang='lat' dir='ltr'>Them.</span> <span class='ocrx_word' id='word_1_4' title='bbox 605 670 698 737; x_wconf 90' lang='lat' dir='ltr'>capp.</span> <span class='ocrx_word' id='word_1_5' title='bbox 717 651 810 737; x_wconf 76' lang='lat'>1-5,</span> <span class='ocrx_word' id='word_1_6' title='bbox 827 652 867 717; x_wconf 79' lang='lat'>19</span> <span class='ocrx_word' id='word_1_7' title='bbox 891 652 979 733; x_wconf 87' lang='lat' dir='ltr'>(inde</span> <span class='ocrx_word' id='word_1_8' title='bbox 1002 672 1022 717; x_wconf 92' lang='lat' dir='ltr'>a</span> <span class='ocrx_word' id='word_1_9' title='bbox 1042 650 1149 719; x_wconf 83' lang='lat' dir='ltr'>verbis</span> <span class='ocrx_word' id='word_1_10' title='bbox 1171 653 1207 718; x_wconf 76' lang='grc' dir='ltr'>ἐκ</span> <span class='ocrx_word' id='word_1_11' title='bbox 1228 655 1267 722; x_wconf 77' lang='grc' dir='ltr'>δὲ</span> <span class='ocrx_word' id='word_1_12' title='bbox 1290 649 1366 720; x_wconf 80' lang='grc' dir='ltr'><strong><em>τού-</em></strong></span> 
     </span>
     <span class='ocr_line' id='line_1_3' title="bbox 155 755 1367 840; baseline 0.002 -19"><span class='ocrx_word' id='word_1_13' title='bbox 155 815 159 821; x_wconf 94' lang='grc'><em>.</em></span> <span class='ocrx_word' id='word_1_14' title='bbox 247 761 332 840; x_wconf 82' lang='grc' dir='ltr'><strong><em>τον),</em></strong></span> <span class='ocrx_word' id='word_1_15' title='bbox 362 757 404 820; x_wconf 87' lang='grc'>20</span> <span class='ocrx_word' id='word_1_16' title='bbox 425 755 524 821; x_wconf 80' lang='lat' dir='ltr'>Arist.</span> <span class='ocrx_word' id='word_1_17' title='bbox 548 755 641 839; x_wconf 77' lang='lat'>1-4,</span> <span class='ocrx_word' id='word_1_18' title='bbox 665 757 695 838; x_wconf 80' lang='lat'>6,</span> <span class='ocrx_word' id='word_1_19' title='bbox 719 755 748 839; x_wconf 80' lang='lat'>7,</span> <span class='ocrx_word' id='word_1_20' title='bbox 771 756 912 832; x_wconf 82' lang='grc'>21-27;</span> <span class='ocrx_word' id='word_1_21' title='bbox 942 776 1025 839; x_wconf 89' lang='lat' dir='ltr'>quae</span> <span class='ocrx_word' id='word_1_22' title='bbox 1048 756 1091 822; x_wconf 91' lang='lat' dir='ltr'>ad</span> <span class='ocrx_word' id='word_1_23' title='bbox 1114 776 1195 838; x_wconf 90' lang='lat' dir='ltr'>quos</span> <span class='ocrx_word' id='word_1_24' title='bbox 1218 763 1367 823; x_wconf 81' lang='lat' dir='ltr'>auctores</span> 
     </span>
     <span class='ocr_line' id='line_1_4' title="bbox 242 855 1366 941; baseline 0.004 -20"><span class='ocrx_word' id='word_1_25' title='bbox 242 855 414 923; x_wconf 82' lang='lat' dir='ltr'>referenda</span> <span class='ocrx_word' id='word_1_26' title='bbox 427 859 512 941; x_wconf 83' lang='lat' dir='ltr'>sint,</span> <span class='ocrx_word' id='word_1_27' title='bbox 535 858 679 924; x_wconf 88' lang='lat' dir='ltr'>nondum</span> <span class='ocrx_word' id='word_1_28' title='bbox 696 866 899 941; x_wconf 90' lang='lat' dir='ltr'>perspectum</span> <span class='ocrx_word' id='word_1_29' title='bbox 922 856 1036 922; x_wconf 92' lang='lat' dir='ltr'>haheo.</span> <span class='ocrx_word' id='word_1_30' title='bbox 1064 857 1212 923; x_wconf 85' lang='lat' dir='ltr'>Wolffius</span> <span class='ocrx_word' id='word_1_31' title='bbox 1235 860 1366 941; x_wconf 90' lang='lat' dir='ltr'>quidem</span> 
     </span>
     <span class='ocr_line' id='line_1_5' title="bbox 242 958 1368 1044; baseline 0 -20"><span class='ocrx_word' id='word_1_32' title='bbox 242 961 277 1024; x_wconf 89' lang='lat' dir='ltr'>iu</span> <span class='ocrx_word' id='word_1_33' title='bbox 300 980 325 1024; x_wconf 90' lang='lat' dir='ltr'>c.</span> <span class='ocrx_word' id='word_1_34' title='bbox 351 963 367 1026; x_wconf 95' lang='grc'>1</span> <span class='ocrx_word' id='word_1_35' title='bbox 391 965 425 1024; x_wconf 89' lang='lat' dir='ltr'>et</span> <span class='ocrx_word' id='word_1_36' title='bbox 446 960 466 1023; x_wconf 99' lang='grc'>2</span> <span class='ocrx_word' id='word_1_37' title='bbox 488 958 701 1025; x_wconf 78' lang='lat' dir='ltr'><strong>Plutarchum</strong></span> <span class='ocrx_word' id='word_1_38' title='bbox 729 959 993 1044; x_wconf 84' lang='lat' dir='ltr'>atthidographis</span> <span class='ocrx_word' id='word_1_39' title='bbox 1024 958 1159 1026; x_wconf 89' lang='lat' dir='ltr'>ducibus</span> <span class='ocrx_word' id='word_1_40' title='bbox 1182 983 1275 1028; x_wconf 86' lang='lat' dir='ltr'>usum</span> <span class='ocrx_word' id='word_1_41' title='bbox 1298 982 1368 1025; x_wconf 90' lang='lat' dir='ltr'>esse</span> 
     </span>
     <span class='ocr_line' id='line_1_6' title="bbox 241 1061 1446 1146; baseline 0.001 -21"><span class='ocrx_word' id='word_1_42' title='bbox 241 1062 424 1146; x_wconf 89' lang='lat' dir='ltr'>suspicatur</span> <span class='ocrx_word' id='word_1_43' title='bbox 446 1061 501 1146; x_wconf 81' lang='lat' dir='ltr'>(ci.</span> <span class='ocrx_word' id='word_1_44' title='bbox 523 1083 597 1146; x_wconf 83' lang='lat' dir='ltr'>pag.</span> <span class='ocrx_word' id='word_1_45' title='bbox 619 1062 686 1145; x_wconf 79' lang='grc'>43),</span> <span class='ocrx_word' id='word_1_46' title='bbox 708 1061 767 1126; x_wconf 91' lang='lat' dir='ltr'>sed</span> <span class='ocrx_word' id='word_1_47' title='bbox 788 1082 861 1126; x_wconf 90' lang='lat' dir='ltr'>cum</span> <span class='ocrx_word' id='word_1_48' title='bbox 884 1064 1121 1145; x_wconf 81' lang='lat' dir='ltr'>argumentatio</span> <span class='ocrx_word' id='word_1_49' title='bbox 1144 1063 1213 1128; x_wconf 87' lang='lat' dir='ltr'>eins</span> <span class='ocrx_word' id='word_1_50' title='bbox 1236 1070 1307 1129; x_wconf 89' lang='lat' dir='ltr'>tota</span> <span class='ocrx_word' id='word_1_51' title='bbox 1330 1084 1368 1127; x_wconf 92' lang='lat' dir='ltr'>eo</span> <span class='ocrx_word' id='word_1_52' title='bbox 1442 1106 1446 1114; x_wconf 83' lang='lat'><em>-</em></span> 
     </span>
     <span class='ocr_line' id='line_1_7' title="bbox 240 1163 1368 1255; baseline 0.003 -28"><span class='ocrx_word' id='word_1_53' title='bbox 240 1163 347 1228; x_wconf 90' lang='lat' dir='ltr'>redire</span> <span class='ocrx_word' id='word_1_54' title='bbox 376 1163 527 1228; x_wconf 84' lang='lat' dir='ltr'>videatur</span> <span class='ocrx_word' id='word_1_55' title='bbox 556 1169 641 1243; x_wconf 88' lang='lat' dir='ltr'>(nam</span> <span class='ocrx_word' id='word_1_56' title='bbox 673 1164 780 1229; x_wconf 90' lang='lat' dir='ltr'>obiter</span> <span class='ocrx_word' id='word_1_57' title='bbox 807 1169 934 1229; x_wconf 90' lang='lat' dir='ltr'>tantum</span> <span class='ocrx_word' id='word_1_58' title='bbox 963 1164 1048 1228; x_wconf 89' lang='lat' dir='ltr'>hanc</span> <span class='ocrx_word' id='word_1_59' title='bbox 1071 1167 1294 1255; x_wconf 86' lang='lat' dir='ltr'>quaestionem</span> <span class='ocrx_word' id='word_1_60' title='bbox 1321 1170 1368 1230; x_wconf 88' lang='lat' dir='ltr'>te-</span> 
     </span>
     <span class='ocr_line' id='line_1_8' title="bbox 240 1263 1368 1350; baseline 0.003 -21"><span class='ocrx_word' id='word_1_61' title='bbox 240 1263 333 1349; x_wconf 84' lang='lat' dir='ltr'>tigit,</span> <span class='ocrx_word' id='word_1_62' title='bbox 364 1264 402 1329; x_wconf 90' lang='lat' dir='ltr'>cf.</span> <span class='ocrx_word' id='word_1_63' title='bbox 426 1286 499 1349; x_wconf 83' lang='lat' dir='ltr'>pag.</span> <span class='ocrx_word' id='word_1_64' title='bbox 521 1267 588 1350; x_wconf 85' lang='lat'>41),</span> <span class='ocrx_word' id='word_1_65' title='bbox 618 1272 656 1331; x_wconf 91' lang='lat' dir='ltr'>nt</span> <span class='ocrx_word' id='word_1_66' title='bbox 678 1266 760 1332; x_wconf 89' lang='lat' dir='ltr'>talia</span> <span class='ocrx_word' id='word_1_67' title='bbox 782 1266 913 1330; x_wconf 88' lang='lat' dir='ltr'>illorum</span> <span class='ocrx_word' id='word_1_68' title='bbox 934 1267 1109 1350; x_wconf 76' lang='lat' dir='ltr'>praecipue</span> <span class='ocrx_word' id='word_1_69' title='bbox 1132 1266 1234 1332; x_wconf 91' lang='lat' dir='ltr'>indoli</span> <span class='ocrx_word' id='word_1_70' title='bbox 1256 1287 1368 1332; x_wconf 85' lang='lat' dir='ltr'>conve-</span> 
     </span>
     <span class='ocr_line' id='line_1_9' title="bbox 241 1366 1369 1453; baseline 0.002 -22"><span class='ocrx_word' id='word_1_71' title='bbox 241 1366 312 1431; x_wconf 91' lang='lat' dir='ltr'>nire</span> <span class='ocrx_word' id='word_1_72' title='bbox 343 1367 464 1449; x_wconf 69' lang='lat' dir='ltr'>dicat,</span> <span class='ocrx_word' id='word_1_73' title='bbox 484 1388 523 1431; x_wconf 89' lang='lat' dir='ltr'>ea</span> <span class='ocrx_word' id='word_1_74' title='bbox 559 1368 600 1432; x_wconf 92' lang='lat' dir='ltr'>ad</span> <span class='ocrx_word' id='word_1_75' title='bbox 630 1370 873 1453; x_wconf 82' lang='lat' dir='ltr'>persuasionem</span> <span class='ocrx_word' id='word_1_76' title='bbox 901 1389 967 1433; x_wconf 92' lang='lat' dir='ltr'>non</span> <span class='ocrx_word' id='word_1_77' title='bbox 998 1370 1150 1452; x_wconf 89' lang='lat' dir='ltr'>apposita</span> <span class='ocrx_word' id='word_1_78' title='bbox 1178 1374 1235 1433; x_wconf 92' lang='lat' dir='ltr'>est.</span> <span class='ocrx_word' id='word_1_79' title='bbox 1286 1369 1369 1433; x_wconf 87' lang='lat' dir='ltr'>Tum</span> 
     </span>
     <span class='ocr_line' id='line_1_10' title="bbox 241 1468 1369 1555; baseline 0.004 -23"><span class='ocrx_word' id='word_1_80' title='bbox 241 1468 379 1551; x_wconf 84' lang='lat' dir='ltr'>Bergius</span> <span class='ocrx_word' id='word_1_81' title='bbox 414 1469 594 1547; x_wconf 85' lang='lat' dir='ltr'>(Aristides.</span> <span class='ocrx_word' id='word_1_82' title='bbox 624 1470 738 1535; x_wconf 87' lang='lat' dir='ltr'>Erster</span> <span class='ocrx_word' id='word_1_83' title='bbox 759 1470 862 1537; x_wconf 88' lang='lat' dir='ltr'>-Theil</span> <span class='ocrx_word' id='word_1_84' title='bbox 892 1491 965 1555; x_wconf 85' lang='lat' dir='ltr'>pag.</span> <span class='ocrx_word' id='word_1_85' title='bbox 995 1472 1036 1535; x_wconf 93' lang='grc'>22</span> <span class='ocrx_word' id='word_1_86' title='bbox 1066 1476 1099 1535; x_wconf 89' lang='lat' dir='ltr'>ct</span> <span class='ocrx_word' id='word_1_87' title='bbox 1124 1493 1198 1555; x_wconf 83' lang='lat' dir='ltr'>pag.</span> <span class='ocrx_word' id='word_1_88' title='bbox 1223 1472 1275 1551; x_wconf 76' lang='grc'>36)</span> <span class='ocrx_word' id='word_1_89' title='bbox 1306 1471 1369 1536; x_wconf 87' lang='lat' dir='ltr'>sihi</span> 
     </span>
     <span class='ocr_line' id='line_1_11' title="bbox 241 1560 1369 1657; baseline 0.004 -25"><span class='ocrx_word' id='word_1_90' title='bbox 241 1570 408 1653; x_wconf 85' lang='lat' dir='ltr'>persuasit</span> <span class='ocrx_word' id='word_1_91' title='bbox 428 1560 531 1637; x_wconf 77' lang='lat' dir='ltr'>Arist.</span> <span class='ocrx_word' id='word_1_92' title='bbox 549 1593 574 1636; x_wconf 94' lang='lat' dir='ltr'>c.</span> <span class='ocrx_word' id='word_1_93' title='bbox 601 1574 682 1639; x_wconf 85' lang='grc'>1-4</span> <span class='ocrx_word' id='word_1_94' title='bbox 704 1574 746 1637; x_wconf 89' lang='lat' dir='ltr'>ad</span> <span class='ocrx_word' id='word_1_95' title='bbox 766 1572 992 1657; x_wconf 87' lang='lat' dir='ltr'>Idomeneum,</span> <span class='ocrx_word' id='word_1_96' title='bbox 1023 1592 1114 1657; x_wconf 88' lang='lat' dir='ltr'>capp.</span> <span class='ocrx_word' id='word_1_97' title='bbox 1143 1578 1252 1638; x_wconf 89' lang='lat' dir='ltr'>autem</span> <span class='ocrx_word' id='word_1_98' title='bbox 1275 1572 1296 1636; x_wconf 80' lang='lat'>5</span> <span class='ocrx_word' id='word_1_99' title='bbox 1317 1572 1369 1654; x_wconf 85' lang='lat' dir='ltr'>(cf.</span> 
     </span>
     <span class='ocr_line' id='line_1_12' title="bbox 243 1673 1368 1759; baseline 0.004 -23"><span class='ocrx_word' id='word_1_100' title='bbox 243 1694 343 1756; x_wconf 86' lang='lat' dir='ltr'>supra</span> <span class='ocrx_word' id='word_1_101' title='bbox 366 1696 397 1757; x_wconf 89' lang='lat' dir='ltr'>p.</span> <span class='ocrx_word' id='word_1_102' title='bbox 419 1674 459 1736; x_wconf 86' lang='lat'>41</span> <span class='ocrx_word' id='word_1_103' title='bbox 484 1697 514 1738; x_wconf 88' lang='lat' dir='ltr'>n.</span> <span class='ocrx_word' id='word_1_104' title='bbox 537 1676 592 1755; x_wconf 83' lang='grc'>42)</span> <span class='ocrx_word' id='word_1_105' title='bbox 616 1682 650 1739; x_wconf 93' lang='lat' dir='ltr'>et</span> <span class='ocrx_word' id='word_1_106' title='bbox 672 1675 689 1737; x_wconf 80' lang='lat'>7</span> <span class='ocrx_word' id='word_1_107' title='bbox 714 1675 757 1740; x_wconf 91' lang='lat' dir='ltr'>ad</span> <span class='ocrx_word' id='word_1_108' title='bbox 779 1673 1023 1757; x_wconf 83' lang='lat' dir='ltr'>Theopompum</span> <span class='ocrx_word' id='word_1_109' title='bbox 1045 1676 1168 1759; x_wconf 91' lang='lat' dir='ltr'>redire,</span> <span class='ocrx_word' id='word_1_110' title='bbox 1192 1695 1276 1759; x_wconf 92' lang='lat' dir='ltr'>quae</span> <span class='ocrx_word' id='word_1_111' title='bbox 1298 1696 1368 1740; x_wconf 88' lang='lat' dir='ltr'>sen-</span> 
     </span>
     <span class='ocr_line' id='line_1_13' title="bbox 243 1775 1369 1861; baseline 0.004 -23"><span class='ocrx_word' id='word_1_112' title='bbox 243 1775 379 1857; x_wconf 84' lang='lat' dir='ltr'>tentiae,</span> <span class='ocrx_word' id='word_1_113' title='bbox 403 1775 490 1857; x_wconf 92' lang='lat' dir='ltr'>quod</span> <span class='ocrx_word' id='word_1_114' title='bbox 513 1776 556 1843; x_wconf 90' lang='lat' dir='ltr'>ad</span> <span class='ocrx_word' id='word_1_115' title='bbox 578 1777 640 1840; x_wconf 77' lang='lat' dir='ltr'>cl</span> <span class='ocrx_word' id='word_1_116' title='bbox 665 1777 793 1861; x_wconf 83' lang='lat' dir='ltr'>attinet,</span> <span class='ocrx_word' id='word_1_117' title='bbox 817 1798 837 1840; x_wconf 91' lang='lat' dir='ltr'>a</span> <span class='ocrx_word' id='word_1_118' title='bbox 858 1777 1092 1860; x_wconf 84' lang='lat' dir='ltr'>probabilitate</span> <span class='ocrx_word' id='word_1_119' title='bbox 1114 1799 1179 1843; x_wconf 92' lang='lat' dir='ltr'>non</span> <span class='ocrx_word' id='word_1_120' title='bbox 1193 1777 1369 1844; x_wconf 87' lang='lat' dir='ltr'>abhorrere</span> 
     </span>
     <span class='ocr_line' id='line_1_14' title="bbox 242 1875 1369 1962; baseline 0.007 -27"><span class='ocrx_word' id='word_1_121' title='bbox 242 1875 383 1951; x_wconf 81' lang='lat' dir='ltr'>videtur3</span> <span class='ocrx_word' id='word_1_122' title='bbox 413 1884 500 1941; x_wconf 90' lang='lat' dir='ltr'>certe</span> <span class='ocrx_word' id='word_1_123' title='bbox 530 1888 616 1942; x_wconf 90' lang='lat' dir='ltr'>nunc</span> <span class='ocrx_word' id='word_1_124' title='bbox 639 1878 723 1943; x_wconf 88' lang='lat' dir='ltr'>nihil</span> <span class='ocrx_word' id='word_1_125' title='bbox 744 1875 983 1961; x_wconf 42' lang='lat' dir='ltr'>habeo,⁴quod</span> <span class='ocrx_word' id='word_1_126' title='bbox 1004 1880 1174 1962; x_wconf 87' lang='lat' dir='ltr'>obloquar.</span> <span class='ocrx_word' id='word_1_127' title='bbox 1217 1881 1369 1946; x_wconf 85' lang='lat' dir='ltr'>Fortasse</span> 
     </span>
     <span class='ocr_line' id='line_1_15' title="bbox 243 1976 1369 2065; baseline 0.001 -21"><span class='ocrx_word' id='word_1_128' title='bbox 243 1976 287 2044; x_wconf 88' lang='lat' dir='ltr'>ad</span> <span class='ocrx_word' id='word_1_129' title='bbox 309 1981 544 2062; x_wconf 88' lang='lat' dir='ltr'>quaestionem,</span> <span class='ocrx_word' id='word_1_130' title='bbox 568 2001 652 2064; x_wconf 89' lang='lat' dir='ltr'>quae</span> <span class='ocrx_word' id='word_1_131' title='bbox 674 1988 799 2064; x_wconf 83' lang='lat' dir='ltr'>spectat</span> <span class='ocrx_word' id='word_1_132' title='bbox 820 1981 863 2045; x_wconf 90' lang='lat' dir='ltr'>ad</span> <span class='ocrx_word' id='word_1_133' title='bbox 884 1981 942 2045; x_wconf 89' lang='lat' dir='ltr'>illa</span> <span class='ocrx_word' id='word_1_134' title='bbox 964 1983 1091 2064; x_wconf 86' lang='lat' dir='ltr'>capita,</span> <span class='ocrx_word' id='word_1_135' title='bbox 1115 1981 1192 2047; x_wconf 91' lang='lat' dir='ltr'>olim</span> <span class='ocrx_word' id='word_1_136' title='bbox 1214 1989 1369 2065; x_wconf 77' lang='lat' dir='ltr'>revertar,</span> 
     </span>
     <span class='ocr_line' id='line_1_16' title="bbox 215 2081 1368 2168; baseline 0.005 -26"><span class='ocrx_word' id='word_1_137' title='bbox 215 2159 216 2162; x_wconf 8' lang='grc' dir='ltr'><strong>Ἴ</strong></span> <span class='ocrx_word' id='word_1_138' title='bbox 243 2101 314 2143; x_wconf 92' lang='lat' dir='ltr'>cum</span> <span class='ocrx_word' id='word_1_139' title='bbox 337 2081 537 2166; x_wconf 88' lang='lat' dir='ltr'>intellexero,</span> <span class='ocrx_word' id='word_1_140' title='bbox 560 2088 671 2147; x_wconf 89' lang='lat' dir='ltr'>utrum</span> <span class='ocrx_word' id='word_1_141' title='bbox 692 2083 820 2147; x_wconf 86' lang='lat' dir='ltr'>Riesius</span> <span class='ocrx_word' id='word_1_142' title='bbox 844 2082 884 2146; x_wconf 89' lang='lat' dir='ltr'>de</span> <span class='ocrx_word' id='word_1_143' title='bbox 906 2082 1087 2168; x_wconf 89' lang='lat' dir='ltr'>Thepompi</span> <span class='ocrx_word' id='word_1_144' title='bbox 1114 2085 1242 2167; x_wconf 84' lang='lat' dir='ltr'>ingenio</span> <span class='ocrx_word' id='word_1_145' title='bbox 1266 2090 1300 2148; x_wconf 90' lang='lat' dir='ltr'>et</span> <span class='ocrx_word' id='word_1_146' title='bbox 1321 2086 1368 2148; x_wconf 91' lang='lat' dir='ltr'>in-</span> 
     </span>
     <span class='ocr_line' id='line_1_17' title="bbox 245 2177 1369 2270; baseline 0.004 -24"><span class='ocrx_word' id='word_1_147' title='bbox 245 2181 316 2246; x_wconf 88' lang='lat' dir='ltr'>dole</span> <span class='ocrx_word' id='word_1_148' title='bbox 346 2190 433 2247; x_wconf 88' lang='lat' dir='ltr'>recte</span> <span class='ocrx_word' id='word_1_149' title='bbox 456 2184 610 2249; x_wconf 91' lang='lat' dir='ltr'>iudicarit</span> <span class='ocrx_word' id='word_1_150' title='bbox 640 2184 769 2265; x_wconf 81' lang='lat' dir='ltr'>(Annal.</span> <span class='ocrx_word' id='word_1_151' title='bbox 801 2184 914 2268; x_wconf 83' lang='lat' dir='ltr'>philol.</span> <span class='ocrx_word' id='word_1_152' title='bbox 945 2177 978 2249; x_wconf 89' lang='lat' dir='ltr'>et</span> <span class='ocrx_word' id='word_1_153' title='bbox 999 2185 1135 2270; x_wconf 83' lang='lat' dir='ltr'>paedag.</span> <span class='ocrx_word' id='word_1_154' title='bbox 1158 2188 1218 2250; x_wconf 86' lang='lat' dir='ltr'>vol.</span> <span class='ocrx_word' id='word_1_155' title='bbox 1244 2186 1315 2270; x_wconf 86' lang='lat'>101,</span> <span class='ocrx_word' id='word_1_156' title='bbox 1337 2205 1369 2269; x_wconf 89' lang='lat' dir='ltr'>p.</span> 
     </span>
     <span class='ocr_line' id='line_1_18' title="bbox 244 2283 1286 2369; baseline 0 -23"><span class='ocrx_word' id='word_1_157' title='bbox 244 2283 306 2348; x_wconf 78' lang='lat'>673</span> <span class='ocrx_word' id='word_1_158' title='bbox 329 2291 430 2367; x_wconf 88' lang='lat' dir='ltr'>seqq.)</span> <span class='ocrx_word' id='word_1_159' title='bbox 456 2304 566 2350; x_wconf 90' lang='lat' dir='ltr'>necne.</span> <span class='ocrx_word' id='word_1_160' title='bbox 610 2288 726 2368; x_wconf 88' lang='lat' dir='ltr'>ltaque</span> <span class='ocrx_word' id='word_1_161' title='bbox 748 2306 854 2369; x_wconf 86' lang='lat' dir='ltr'>pauca</span> <span class='ocrx_word' id='word_1_162' title='bbox 875 2292 1004 2352; x_wconf 90' lang='lat' dir='ltr'>tantum</span> <span class='ocrx_word' id='word_1_163' title='bbox 1027 2307 1112 2352; x_wconf 90' lang='lat' dir='ltr'>nunc</span> <span class='ocrx_word' id='word_1_164' title='bbox 1135 2287 1286 2352; x_wconf 90' lang='lat' dir='ltr'>addam..</span> 
     </span>
     <span class='ocr_line' id='line_1_19' title="bbox 328 2385 1368 2473; baseline 0.005 -24"><span class='ocrx_word' id='word_1_165' title='bbox 328 2385 467 2470; x_wconf 86' lang='lat' dir='ltr'>Versus,</span> <span class='ocrx_word' id='word_1_166' title='bbox 499 2387 554 2469; x_wconf 92' lang='lat' dir='ltr'>qui</span> <span class='ocrx_word' id='word_1_167' title='bbox 584 2386 693 2452; x_wconf 88' lang='lat' dir='ltr'>Them.</span> <span class='ocrx_word' id='word_1_168' title='bbox 717 2409 741 2451; x_wconf 94' lang='lat' dir='ltr'>c.</span> <span class='ocrx_word' id='word_1_169' title='bbox 767 2391 781 2452; x_wconf 89' lang='lat'>1</span> <span class='ocrx_word' id='word_1_170' title='bbox 807 2390 969 2473; x_wconf 84' lang='lat' dir='ltr'>leguntur,</span> <span class='ocrx_word' id='word_1_171' title='bbox 993 2390 1026 2453; x_wconf 92' lang='lat' dir='ltr'>in</span> <span class='ocrx_word' id='word_1_172' title='bbox 1050 2388 1268 2473; x_wconf 82' lang='lat' dir='ltr'>Amphicratis</span> <span class='ocrx_word' id='word_1_173' title='bbox 1291 2411 1368 2473; x_wconf 86' lang='lat' dir='ltr'>quo</span> 
     </span>
     <span class='ocr_line' id='line_1_20' title="bbox 191 2485 1368 2575; baseline 0.004 -26"><span class='ocrx_word' id='word_1_174' title='bbox 191 2531 194 2536; x_wconf 92' lang='lat'>-</span> <span class='ocrx_word' id='word_1_175' title='bbox 245 2492 307 2569; x_wconf 91' lang='lat' dir='ltr'>que</span> <span class='ocrx_word' id='word_1_176' title='bbox 339 2487 422 2553; x_wconf 92' lang='lat' dir='ltr'>libro</span> <span class='ocrx_word' id='word_1_177' title='bbox 450 2488 534 2575; x_wconf 77' lang='grc' dir='ltr'><strong><em>Περὶ</em></strong></span> <span class='ocrx_word' id='word_1_178' title='bbox 556 2485 697 2566; x_wconf 78' lang='grc' dir='ltr'><em>ἐνδόξων</em></span> <span class='ocrx_word' id='word_1_179' title='bbox 719 2489 848 2573; x_wconf 66' lang='grc' dir='ltr'><strong><em>ἀνδρῶν</em></strong></span> <span class='ocrx_word' id='word_1_180' title='bbox 872 2492 1036 2555; x_wconf 83' lang='lat' dir='ltr'>exstitisse</span> <span class='ocrx_word' id='word_1_181' title='bbox 1058 2491 1243 2556; x_wconf 84' lang='lat' dir='ltr'>Athenaeus</span> <span class='ocrx_word' id='word_1_182' title='bbox 1268 2490 1368 2574; x_wconf 87' lang='lat' dir='ltr'>(XIII,</span> 
     </span>
     <span class='ocr_line' id='line_1_21' title="bbox 237 2588 1367 2677; baseline 0.005 -26"><span class='ocrx_word' id='word_1_183' title='bbox 237 2589 305 2652; x_wconf 60' lang='lat'>‘576</span> <span class='ocrx_word' id='word_1_184' title='bbox 330 2588 377 2674; x_wconf 82' lang='lat' dir='ltr'>C.)</span> <span class='ocrx_word' id='word_1_185' title='bbox 400 2595 558 2667; x_wconf 85' lang='lat' dir='ltr'>testatur3</span> <span class='ocrx_word' id='word_1_186' title='bbox 587 2600 655 2658; x_wconf 92' lang='lat' dir='ltr'>tum</span> <span class='ocrx_word' id='word_1_187' title='bbox 677 2611 753 2663; x_wconf 86' lang='lat' dir='ltr'>vero</span> <span class='ocrx_word' id='word_1_188' title='bbox 782 2593 870 2675; x_wconf 90' lang='lat' dir='ltr'>quod</span> <span class='ocrx_word' id='word_1_189' title='bbox 901 2592 942 2657; x_wconf 85' lang='lat' dir='ltr'>ad</span> <span class='ocrx_word' id='word_1_190' title='bbox 964 2593 1146 2677; x_wconf 87' lang='lat' dir='ltr'>proximum</span> <span class='ocrx_word' id='word_1_191' title='bbox 1170 2599 1268 2676; x_wconf 90' lang='lat' dir='ltr'>caput</span> <span class='ocrx_word' id='word_1_192' title='bbox 1291 2594 1367 2657; x_wconf 87' lang='lat' dir='ltr'>atti-</span> 
     </span>
     <span class='ocr_line' id='line_1_22' title="bbox 243 2684 1369 2778; baseline 0.003 -23"><span class='ocrx_word' id='word_1_193' title='bbox 243 2697 310 2774; x_wconf 86' lang='lat' dir='ltr'>net,</span> <span class='ocrx_word' id='word_1_194' title='bbox 333 2690 559 2759; x_wconf 85' lang='lat' dir='ltr'>Themistoclis</span> <span class='ocrx_word' id='word_1_195' title='bbox 581 2694 662 2759; x_wconf 86' lang='lat' dir='ltr'>illud</span> <span class='ocrx_word' id='word_1_196' title='bbox 683 2694 928 2772; x_wconf 84' lang='lat' dir='ltr'>celeberrimum</span> <span class='ocrx_word' id='word_1_197' title='bbox 951 2694 1072 2759; x_wconf 85' lang='lat' dir='ltr'>dictum</span> <span class='ocrx_word' id='word_1_198' title='bbox 1096 2684 1164 2778; x_wconf 81' lang='grc' dir='ltr'>(ὅτι</span> <span class='ocrx_word' id='word_1_199' title='bbox 1181 2689 1288 2778; x_wconf 79' lang='grc' dir='ltr'><strong><em>λύραν</em></strong></span> <span class='ocrx_word' id='word_1_200' title='bbox 1305 2698 1369 2774; x_wconf 69' lang='grc' dir='ltr'>μὲν</span> 
     </span>
     <span class='ocr_line' id='line_1_23' title="bbox 244 2788 1370 2881; baseline 0.004 -28"><span class='ocrx_word' id='word_1_201' title='bbox 244 2788 470 2876; x_wconf 75' lang='grc' dir='ltr'><em>ἁρμόσασθαι</em></span> <span class='ocrx_word' id='word_1_202' title='bbox 493 2798 548 2859; x_wconf 80' lang='grc' dir='ltr'>καὶ</span> <span class='ocrx_word' id='word_1_203' title='bbox 571 2794 878 2881; x_wconf 69' lang='grc' dir='ltr'>μεταχειρίσασθαι</span> <span class='ocrx_word' id='word_1_204' title='bbox 899 2794 1092 2881; x_wconf 79' lang='grc' dir='ltr'><strong><em>ψαλτήριον</em></strong></span> <span class='ocrx_word' id='word_1_205' title='bbox 1106 2793 1167 2860; x_wconf 80' lang='grc' dir='ltr'>οὐκ</span> <span class='ocrx_word' id='word_1_206' title='bbox 1182 2795 1370 2874; x_wconf 77' lang='grc' dir='ltr'><strong><em>ἐπίσταται,</em></strong></span> 
     </span>
     <span class='ocr_line' id='line_1_24' title="bbox 184 2892 1369 2982; baseline 0 -25"><span class='ocrx_word' id='word_1_207' title='bbox 184 2932 188 2939; x_wconf 88' lang='grc'><strong>-</strong></span> <span class='ocrx_word' id='word_1_208' title='bbox 244 2892 344 2958; x_wconf 77' lang='grc' dir='ltr'><strong><em>πόλιν</em></strong></span> <span class='ocrx_word' id='word_1_209' title='bbox 374 2899 409 2961; x_wconf 76' lang='grc' dir='ltr'>δὲ</span> <span class='ocrx_word' id='word_1_210' title='bbox 435 2896 564 2980; x_wconf 77' lang='grc' dir='ltr'><strong><em>μικρὰν</em></strong></span> <span class='ocrx_word' id='word_1_211' title='bbox 593 2899 650 2962; x_wconf 84' lang='grc' dir='ltr'>καὶ</span> <span class='ocrx_word' id='word_1_212' title='bbox 679 2895 804 2976; x_wconf 77' lang='grc' dir='ltr'><strong><em>ἄδοξον</em></strong></span> <span class='ocrx_word' id='word_1_213' title='bbox 832 2897 1041 2982; x_wconf 76' lang='grc' dir='ltr'><strong><em>παραλαβών</em></strong></span> <span class='ocrx_word' id='word_1_214' title='bbox 1069 2894 1209 2974; x_wconf 70' lang='grc' dir='ltr'><strong><em>ἔνδοξον</em></strong></span> <span class='ocrx_word' id='word_1_215' title='bbox 1232 2899 1290 2959; x_wconf 82' lang='grc' dir='ltr'>καὶ</span> <span class='ocrx_word' id='word_1_216' title='bbox 1310 2923 1369 2980; x_wconf 77' lang='grc' dir='ltr'>μι-</span> 
     </span>
     <span class='ocr_line' id='line_1_25' title="bbox 244 2992 1369 3082; baseline 0.004 -25"><span class='ocrx_word' id='word_1_217' title='bbox 244 2992 354 3076; x_wconf 63' lang='lat' dir='ltr'>yolus</span> <span class='ocrx_word' id='word_1_218' title='bbox 376 2997 608 3082; x_wconf 65' lang='lat' dir='ltr'>condonarias)</span> <span class='ocrx_word' id='word_1_219' title='bbox 651 3001 710 3065; x_wconf 93' lang='lat' dir='ltr'>lon</span> <span class='ocrx_word' id='word_1_220' title='bbox 739 3000 913 3065; x_wconf 88' lang='lat' dir='ltr'>memoriae</span> <span class='ocrx_word' id='word_1_221' title='bbox 944 2999 1126 3063; x_wconf 86' lang='lat' dir='ltr'>tradiderat</span> <span class='ocrx_word' id='word_1_222' title='bbox 1149 2999 1202 3079; x_wconf 81' lang='lat' dir='ltr'>(cf.</span> <span class='ocrx_word' id='word_1_223' title='bbox 1227 2997 1369 3063; x_wconf 85' lang='lat' dir='ltr'>Cimonis</span> 
     </span>
    </p>
   </div>
   <div class='ocr_carea' id='block_1_3' title="bbox 245 3097 1496 3184">
    <p class='ocr_par' dir='ltr' id='par_1_3' title="bbox 245 3097 1496 3184">
     <span class='ocr_line' id='line_1_26' title="bbox 245 3097 1496 3184; baseline 0.006 -24"><span class='ocrx_word' id='word_1_224' title='bbox 245 3119 270 3161; x_wconf 92' lang='lat' dir='ltr'>c.</span> <span class='ocrx_word' id='word_1_225' title='bbox 293 3100 336 3177; x_wconf 82' lang='grc'>9).</span> <span class='ocrx_word' id='word_1_226' title='bbox 365 3101 405 3165; x_wconf 91' lang='lat' dir='ltr'>In</span> <span class='ocrx_word' id='word_1_227' title='bbox 427 3101 531 3166; x_wconf 87' lang='lat' dir='ltr'>verbis</span> <span class='ocrx_word' id='word_1_228' title='bbox 548 3110 658 3169; x_wconf 89' lang='lat' dir='ltr'>autem</span> <span class='ocrx_word' id='word_1_229' title='bbox 679 3102 847 3177; x_wconf 77' lang='grc' dir='ltr'><strong><em>Μέλισσος</em></strong></span> <span class='ocrx_word' id='word_1_230' title='bbox 867 3106 928 3184; x_wconf 78' lang='grc' dir='ltr'>μὲν</span> <span class='ocrx_word' id='word_1_231' title='bbox 951 3097 1214 3184; x_wconf 74' lang='grc' dir='ltr'><strong><em>α’ντιστρατήγιι</em></strong></span> <span class='ocrx_word' id='word_1_232' title='bbox 1231 3104 1368 3183; x_wconf 77' lang='lat' dir='ltr'>nolano·</span> <span class='ocrx_word' id='word_1_233' title='bbox 1491 3172 1496 3182; x_wconf 62' lang='grc'>,</span> 
     </span>
    </p>
   </div>
   <div class='ocr_carea' id='block_1_4' title="bbox 237 3201 1380 3899">
    <p class='ocr_par' dir='ltr' id='par_1_4' title="bbox 237 3201 1380 3899">
     <span class='ocr_line' id='line_1_27' title="bbox 246 3201 1368 3285; baseline 0.002 -23"><span class='ocrx_word' id='word_1_234' title='bbox 246 3202 360 3264; x_wconf 70' lang='lat' dir='ltr'>rodon</span> <span class='ocrx_word' id='word_1_235' title='bbox 375 3201 525 3283; x_wconf 82' lang='grc' dir='ltr'><strong><em>Σαμίους</em></strong></span> <span class='ocrx_word' id='word_1_236' title='bbox 535 3203 712 3270; x_wconf 85' lang='lat' dir='ltr'>Aristotele</span> <span class='ocrx_word' id='word_1_237' title='bbox 728 3212 861 3270; x_wconf 90' lang='lat' dir='ltr'>auctore</span> <span class='ocrx_word' id='word_1_238' title='bbox 869 3201 1064 3268; x_wconf 90' lang='lat' dir='ltr'>Plutarchus</span> <span class='ocrx_word' id='word_1_239' title='bbox 1080 3225 1158 3267; x_wconf 88' lang='lat' dir='ltr'>usus</span> <span class='ocrx_word' id='word_1_240' title='bbox 1174 3209 1234 3285; x_wconf 88' lang='lat' dir='ltr'>est,</span> <span class='ocrx_word' id='word_1_241' title='bbox 1246 3204 1368 3285; x_wconf 91' lang='lat' dir='ltr'>quippe</span> 
     </span>
     <span class='ocr_line' id='line_1_28' title="bbox 246 3300 1368 3390; baseline 0.001 -25"><span class='ocrx_word' id='word_1_242' title='bbox 246 3303 301 3383; x_wconf 92' lang='lat' dir='ltr'>qui</span> <span class='ocrx_word' id='word_1_243' title='bbox 323 3303 438 3368; x_wconf 92' lang='lat' dir='ltr'>Pericl.</span> <span class='ocrx_word' id='word_1_244' title='bbox 462 3326 486 3367; x_wconf 90' lang='lat' dir='ltr'>c.</span> <span class='ocrx_word' id='word_1_245' title='bbox 511 3305 552 3369; x_wconf 82' lang='grc'>26</span> <span class='ocrx_word' id='word_1_246' title='bbox 574 3305 770 3371; x_wconf 89' lang='lat' dir='ltr'>haecverba</span> <span class='ocrx_word' id='word_1_247' title='bbox 792 3307 962 3390; x_wconf 84' lang='lat' dir='ltr'>exhibeat,</span> <span class='ocrx_word' id='word_1_248' title='bbox 993 3301 1060 3370; x_wconf 78' lang='grc' dir='ltr'>ὑπὸ</span> <span class='ocrx_word' id='word_1_249' title='bbox 1091 3306 1126 3370; x_wconf 79' lang='grc' dir='ltr'>δὲ</span> <span class='ocrx_word' id='word_1_250' title='bbox 1149 3300 1209 3368; x_wconf 76' lang='grc' dir='ltr'>τοῦ</span> <span class='ocrx_word' id='word_1_251' title='bbox 1245 3305 1258 3363; x_wconf 83' lang='lat' dir='ltr'>l</span> <span class='ocrx_word' id='word_1_252' title='bbox 1273 3301 1368 3367; x_wconf 79' lang='grc' dir='ltr'><strong><em>ἰλὶσ·</em></strong></span> 
     </span>
     <span class='ocr_line' id='line_1_29' title="bbox 245 3399 1369 3494; baseline 0.001 -28"><span class='ocrx_word' id='word_1_253' title='bbox 245 3425 304 3468; x_wconf 84' lang='grc' dir='ltr'>σου</span> <span class='ocrx_word' id='word_1_254' title='bbox 333 3407 389 3469; x_wconf 87' lang='grc' dir='ltr'>καὶ</span> <span class='ocrx_word' id='word_1_255' title='bbox 418 3405 589 3486; x_wconf 71' lang='grc' dir='ltr'><strong><em>,Περικλέα</em></strong></span> <span class='ocrx_word' id='word_1_256' title='bbox 621 3410 726 3491; x_wconf 76' lang='grc' dir='ltr'><strong><em>φησὶν</em></strong></span> <span class='ocrx_word' id='word_1_257' title='bbox 762 3405 865 3473; x_wconf 76' lang='lat' dir='ltr'>aritio</span> <span class='ocrx_word' id='word_1_258' title='bbox 901 3406 1134 3494; x_wconf 77' lang='grc' dir='ltr'><strong><em>Ἀριστοτέλης</em></strong></span> <span class='ocrx_word' id='word_1_259' title='bbox 1169 3399 1369 3483; x_wconf 72' lang='grc' dir='ltr'><strong><em>ἡττηθῆναι</em></strong></span> 
     </span>
     <span class='ocr_line' id='line_1_30' title="bbox 244 3505 1380 3593; baseline 0.008 -26"><span class='ocrx_word' id='word_1_260' title='bbox 244 3505 481 3591; x_wconf 79' lang='grc' dir='ltr'><strong><em>ναυμαχοῦντα</em></strong></span> <span class='ocrx_word' id='word_1_261' title='bbox 512 3505 694 3593; x_wconf 59' lang='lat' dir='ltr'>hydaspem</span> <span class='ocrx_word' id='word_1_262' title='bbox 723 3515 793 3574; x_wconf 87' lang='lat' dir='ltr'>tum</span> <span class='ocrx_word' id='word_1_263' title='bbox 821 3510 881 3573; x_wconf 88' lang='lat' dir='ltr'>illa</span> <span class='ocrx_word' id='word_1_264' title='bbox 909 3509 948 3574; x_wconf 88' lang='lat' dir='ltr'>de</span> <span class='ocrx_word' id='word_1_265' title='bbox 969 3508 1071 3592; x_wconf 86' lang='lat' dir='ltr'>patris</span> <span class='ocrx_word' id='word_1_266' title='bbox 1094 3507 1299 3574; x_wconf 86' lang='lat' dir='ltr'>abdicatione</span> <span class='ocrx_word' id='word_1_267' title='bbox 1321 3505 1380 3576; x_wconf 87' lang='lat' dir='ltr'>fa-.</span> 
     </span>
     <span class='ocr_line' id='line_1_31' title="bbox 243 3607 1368 3695; baseline 0.001 -24"><span class='ocrx_word' id='word_1_268' title='bbox 243 3607 333 3692; x_wconf 90' lang='lat' dir='ltr'>bula,</span> <span class='ocrx_word' id='word_1_269' title='bbox 371 3630 455 3691; x_wconf 92' lang='lat' dir='ltr'>quae</span> <span class='ocrx_word' id='word_1_270' title='bbox 484 3609 660 3676; x_wconf 89' lang='lat' dir='ltr'>Plutarcho</span> <span class='ocrx_word' id='word_1_271' title='bbox 702 3612 886 3695; x_wconf 88' lang='lat' dir='ltr'>displicuit,</span> <span class='ocrx_word' id='word_1_272' title='bbox 928 3611 1016 3695; x_wconf 88' lang='lat' dir='ltr'>apud</span> <span class='ocrx_word' id='word_1_273' title='bbox 1045 3610 1201 3694; x_wconf 87' lang='lat' dir='ltr'>Nepotem</span> <span class='ocrx_word' id='word_1_274' title='bbox 1239 3629 1368 3692; x_wconf 92' lang='lat' dir='ltr'>quoque</span> 
     </span>
     <span class='ocr_line' id='line_1_32' title="bbox 245 3710 1369 3801; baseline 0 -27"><span class='ocrx_word' id='word_1_275' title='bbox 245 3713 387 3775; x_wconf 90' lang='lat' dir='ltr'>occurrit</span> <span class='ocrx_word' id='word_1_276' title='bbox 409 3710 519 3777; x_wconf 90' lang='lat' dir='ltr'>Them.</span> <span class='ocrx_word' id='word_1_277' title='bbox 542 3733 568 3776; x_wconf 89' lang='lat' dir='ltr'>c.</span> <span class='ocrx_word' id='word_1_278' title='bbox 590 3713 660 3801; x_wconf 79' lang='lat'>2⁵3)</span> <span class='ocrx_word' id='word_1_279' title='bbox 683 3715 761 3797; x_wconf 91' lang='lat' dir='ltr'>„qui</span> <span class='ocrx_word' id='word_1_280' title='bbox 787 3712 1041 3793; x_wconf 85' lang='lat' dir='ltr'>(Themistocles)</span> <span class='ocrx_word' id='word_1_281' title='bbox 1067 3733 1140 3777; x_wconf 91' lang='lat' dir='ltr'>cum</span> <span class='ocrx_word' id='word_1_282' title='bbox 1161 3713 1269 3777; x_wconf 89' lang='lat' dir='ltr'>minus</span> <span class='ocrx_word' id='word_1_283' title='bbox 1284 3715 1369 3775; x_wconf 89' lang='lat' dir='ltr'>esset</span> 
     </span>
     <span class='ocr_line' id='line_1_33' title="bbox 237 3812 1369 3899; baseline 0.001 -23"><span class='ocrx_word' id='word_1_284' title='bbox 237 3812 403 3896; x_wconf 64' lang='lat' dir='ltr'>‘probatus</span> <span class='ocrx_word' id='word_1_285' title='bbox 425 3815 618 3896; x_wconf 89' lang='lat' dir='ltr'>parentibus</span> <span class='ocrx_word' id='word_1_286' title='bbox 629 3866 638 3899; x_wconf 93' lang='lat'>,</span> <span class='ocrx_word' id='word_1_287' title='bbox 662 3815 750 3897; x_wconf 90' lang='lat' dir='ltr'>qnod</span> <span class='ocrx_word' id='word_1_288' title='bbox 772 3820 805 3879; x_wconf 89' lang='lat' dir='ltr'>et</span> <span class='ocrx_word' id='word_1_289' title='bbox 826 3814 961 3880; x_wconf 89' lang='lat' dir='ltr'>liberius</span> <span class='ocrx_word' id='word_1_290' title='bbox 983 3814 1110 3880; x_wconf 84' lang='lat' dir='ltr'>virebat</span> <span class='ocrx_word' id='word_1_291' title='bbox 1131 3819 1165 3878; x_wconf 87' lang='lat' dir='ltr'>et</span> <span class='ocrx_word' id='word_1_292' title='bbox 1186 3835 1254 3878; x_wconf 90' lang='lat' dir='ltr'>rem</span> <span class='ocrx_word' id='word_1_293' title='bbox 1277 3812 1369 3878; x_wconf 86' lang='lat' dir='ltr'>fami·</span> 
     </span>
    </p>
   </div>
   <div class='ocr_carea' id='block_1_5' title="bbox 244 4048 1368 4208">
    <p class='ocr_par' dir='ltr' id='par_1_5' title="bbox 244 4048 1368 4208">
     <span class='ocr_line' id='line_1_34' title="bbox 312 4048 1368 4115; baseline -0.005 -11"><span class='ocrx_word' id='word_1_294' title='bbox 312 4053 356 4115; x_wconf 81' lang='lat'>53)</span> <span class='ocrx_word' id='word_1_295' title='bbox 381 4049 421 4104; x_wconf 83' lang='lat' dir='ltr'>ef.</span> <span class='ocrx_word' id='word_1_296' title='bbox 441 4049 548 4104; x_wconf 87' lang='lat' dir='ltr'>Aelian.</span> <span class='ocrx_word' id='word_1_297' title='bbox 566 4050 599 4106; x_wconf 87' lang='lat' dir='ltr'>V.</span> <span class='ocrx_word' id='word_1_298' title='bbox 619 4051 656 4106; x_wconf 88' lang='lat' dir='ltr'>H.</span> <span class='ocrx_word' id='word_1_299' title='bbox 676 4050 719 4115; x_wconf 88' lang='lat'>11,</span> <span class='ocrx_word' id='word_1_300' title='bbox 751 4055 783 4105; x_wconf 88' lang='grc'>12</span> <span class='ocrx_word' id='word_1_301' title='bbox 801 4058 829 4104; x_wconf 87' lang='lat' dir='ltr'>et</span> <span class='ocrx_word' id='word_1_302' title='bbox 845 4049 934 4104; x_wconf 89' lang='lat' dir='ltr'>Valer.</span> <span class='ocrx_word' id='word_1_303' title='bbox 953 4048 1066 4103; x_wconf 83' lang='lat' dir='ltr'>Maxim.</span> <span class='ocrx_word' id='word_1_304' title='bbox 1085 4050 1132 4115; x_wconf 87' lang='lat' dir='ltr'>vl,</span> <span class='ocrx_word' id='word_1_305' title='bbox 1152 4055 1177 4114; x_wconf 84' lang='lat'>9,</span> <span class='ocrx_word' id='word_1_306' title='bbox 1197 4054 1222 4103; x_wconf 87' lang='grc'>2.</span> <span class='ocrx_word' id='word_1_307' title='bbox 1242 4049 1368 4102; x_wconf 82' lang='lat' dir='ltr'>Ceterum</span> 
     </span>
     <span class='ocr_line' id='line_1_35' title="bbox 244 4134 1268 4208; baseline -0.004 -18"><span class='ocrx_word' id='word_1_308' title='bbox 244 4136 274 4190; x_wconf 87' lang='lat' dir='ltr'>cf.</span> <span class='ocrx_word' id='word_1_309' title='bbox 297 4134 379 4190; x_wconf 82' lang='lat' dir='ltr'>Rnhl.</span> <span class='ocrx_word' id='word_1_310' title='bbox 399 4135 428 4190; x_wconf 91' lang='lat' dir='ltr'>in</span> <span class='ocrx_word' id='word_1_311' title='bbox 444 4135 569 4191; x_wconf 83' lang='lat' dir='ltr'>Fleckeis</span> <span class='ocrx_word' id='word_1_312' title='bbox 586 4135 674 4190; x_wconf 83' lang='lat' dir='ltr'>annal.</span> <span class='ocrx_word' id='word_1_313' title='bbox 694 4135 786 4208; x_wconf 92' lang='lat' dir='ltr'>philol.</span> <span class='ocrx_word' id='word_1_314' title='bbox 807 4143 835 4189; x_wconf 89' lang='lat' dir='ltr'>et</span> <span class='ocrx_word' id='word_1_315' title='bbox 852 4135 966 4207; x_wconf 78' lang='lat' dir='ltr'>paedag.</span> <span class='ocrx_word' id='word_1_316' title='bbox 987 4138 1053 4190; x_wconf 80' lang='grc'><strong>1868</strong></span> <span class='ocrx_word' id='word_1_317' title='bbox 1070 4153 1096 4207; x_wconf 92' lang='lat' dir='ltr'>p.</span> <span class='ocrx_word' id='word_1_318' title='bbox 1117 4139 1175 4201; x_wconf 83' lang='lat'>661,</span> <span class='ocrx_word' id='word_1_319' title='bbox 1196 4152 1224 4188; x_wconf 92' lang='lat' dir='ltr'>n.</span> <span class='ocrx_word' id='word_1_320' title='bbox 1243 4136 1268 4187; x_wconf 83' lang='lat'>4.</span> 
     </span>
    </p>
   </div>
   <div class='ocr_carea' id='block_1_6' title="bbox 0 0 1599 4906">
    <p class='ocr_par' dir='ltr' id='par_1_6' title="bbox 0 0 1599 4906">
     <span class='ocr_line' id='line_1_36' title="bbox 0 0 1599 4906; baseline 0 0"><span class='ocrx_word' id='word_1_321' title='bbox 0 0 1599 4906; x_wconf 95' lang='lat' dir='ltr'> </span> 
     </span>
    </p>
   </div>
  </div>
 </body>
</html>
