3182 4906
654 475 865 543 ..49-

174 641 258 720 ⁴uus
289 654 410 739 liquet,
443 673 539 738 quem
568 654 677 739 Nepos
709 664 872 722 auctorem
902 655 956 721 hic
985 664 1114 723 secutus
1149 658 1208 735 sit3
1243 679 1322 725 nam

197 756 396 824 Wichersius
427 756 447 820 l.
464 759 488 825 l.
511 781 542 841 p.
564 759 604 824 31
628 758 709 823 haec
730 759 882 841 praebet:
914 759 973 844 „In
996 761 1065 825 rita
1084 761 1239 828 Aristidis
1261 784 1317 827 uo·
1353 762 1360 775 ’

31 854 36 869 “
145 853 149 858 ’
198 867 302 925 strum
328 881 401 926 cum
423 860 514 945 aliis,
545 859 734 944 Thucydide
757 863 958 946 praesertim,
980 860 1182 929 Herodotum
1205 863 1320 929 ducem

198 960 362 1048 habuisse,
385 963 556 1047 coniicias,
585 985 657 1027 cum
687 963 742 1028 hic
764 963 854 1028 illius
877 965 1022 1047 aequalis
1046 972 1140 1030 essct.
1185 967 1321 1050 Singula

198 1071 309 1129 tamen
336 1085 377 1129 ex
407 1085 445 1128 eo
474 1063 580 1149 petita
608 1085 646 1129 eo
674 1067 831 1150 pauciora
854 1072 944 1149 sunt,
980 1087 1044 1149 quo
1073 1067 1199 1132 brevius
1233 1067 1320 1138 hanc

199 1166 300 1231 vitam
329 1167 522 1250 conscripsit
552 1169 634 1231 etc.“
682 1166 943 1232 Lieberhiihnius
967 1167 1014 1215 '-—
1036 1168 1321 1251 ¹Pohlmannianus

198 1275 307 1334 autem
335 1269 417 1334 haec
438 1269 570 1352 scripsit
592 1269 627 1352 (l.
649 1269 669 1334 l.
692 1293 723 1354 p.
748 1269 839 1356 123);
869 1270 929 1354 „In
951 1271 1142 1336 brevissima
1165 1271 1319 1336 Aristidis

198 1370 266 1437 vita
289 1371 406 1454 quibus
429 1371 573 1437 fontibus
595 1371 704 1456 Nepos
726 1395 804 1438 usus
827 1375 880 1457 sit,
904 1393 968 1439 non
990 1374 1103 1457 liquet.
1147 1374 1194 1438 lle
1216 1372 1317 1437 Hero-

200 1473 277 1539 doto
307 1475 392 1538 enirn
422 1493 461 1540 ac
484 1473 689 1560 Thucydide,
720 1496 797 1543 num
826 1474 860 1539 in
888 1474 952 1542 hac
974 1476 1042 1540 vita
1071 1499 1092 1543 a
1115 1474 1264 1542 CorneIIo
1286 1475 1322 1539 in

199 1597 293 1641 usum
314 1577 417 1642 vocati
440 1576 515 1665 siut,
538 1598 604 1642 non
616 1577 737 1642 iniuste
749 1577 949 1642 dubitatur.“
978 1577 1221 1643 Rinckiusvero
1235 1579 1322 1642 vitae

199 1684 366 1744 auctorem
388 1685 499 1744 omnia
526 1677 592 1743 fere
621 1700 661 1743 ex
682 1679 879 1744 Plutarchea
900 1679 1055 1744 Aristidis
1083 1681 1152 1743 vita
1173 1678 1322 1746 hausisse

199 1782 329 1862 putavit
366 1781 399 1860 (l.
429 1782 449 1845 l.
486 1802 560 1864 pag.
590 1778 714 1857 LXXII
742 1786 841 1864 seq.);
879 1782 1018 1864 denique
1047 1803 1153 1866 nuper
1186 1774 1324 1866 Bergius

200 1882 382 1965 (Aristides.
420 1884 534 1947 Erster
556 1869 660 1946 Theil.
696 1884 763 1948 Das
785 1883 897 1948 Leben
919 1884 975 1951 des
998 1883 1156 1948 Aristides
1178 1884 1229 1949 bis
1251 1905 1325 1947 zum

199 1982 397 2050 Abschlusse
414 1984 519 2050 seines
533 1983 706 2050 Conflictes
720 1985 781 2049 mit
798 1984 1045 2064 Themistokles.
1069 1987 1160 2070 1871,
1177 2007 1252 2070 pag.
1269 1986 1325 2072 36)

201 2086 245 2153 ad
263 2086 513 2170 'Theopompum
544 2107 675 2169 quoque
703 2087 737 2152 in
759 2089 827 2154 vita
849 2086 1185 2171 Aristidis‘Ncpotem
1213 2109 1247 2153 se
1269 2107 1325 2172 ap-

200 2189 340 2270 plicasse
363 2189 548 2272 suspicatus
571 2193 630 2254 est.

284 2289 464 2372 Postquam
487 2291 589 2374 igitur
610 2293 691 2356 satis
715 2292 754 2357 de
776 2292 922 2358 fontibus
943 2292 1078 2358 Diodori
1099 2291 1211 2375 Siculi,
1232 2291 1325 2355 Pom-

200 2391 253 2474 pei
276 2390 391 2476 Trogi,
428 2392 570 2458 Cornelii
591 2392 729 2477 Nepotis
760 2393 882 2459 dictum
905 2401 971 2480 est,
995 2394 1165 2460 redeamus
1187 2393 1230 2457 ad
1251 2393 1326 2457 Plu·

201 2493 368 2578 tarchum,
391 2496 449 2578 qui
471 2496 638 2560 nonnullis
661 2497 739 2585 locis
762 2497 804 2561 ad
825 2496 899 2562 illos
921 2498 1055 2581 propius
1079 2516 1176 2579 quam
1199 2495 1242 2559 ad
1263 2494 1326 2560 He-

200 2596 352 2662 rodotum
393 2599 545 2662 accedere
579 2620 680 2681 supra
709 2599 802 2663 nobis
831 2606 920 2663 visus
949 2605 998 2663 est
1036 2598 1089 2682 (cf.
1120 2619 1194 2682 pag.
1224 2597 1265 2661 23
1293 2601 1326 2660 et

202 2698 352 2786 32-34).
385 2700 478 2777 Quod
504 2700 532 2765 si
553 2721 608 2766 eos
626 2699 795 2784 Ephorum
810 2702 960 2784 inprimis
976 2705 1103 2766 secutos
1121 2721 1191 2764 csse
1213 2705 1326 2764 nostro

201 2801 272 2867 iure
301 2802 397 2866 modo
427 2803 675 2886 coniecerimus,
698 2803 843 2868 eiusdem
863 2803 1002 2887 vestigia
1024 2808 1152 2868 exstare
1174 2799 1327 2865 videntur

203 2902 314 2967 Them.
337 2923 363 2967 c.
386 2904 417 2986 3,
440 2904 470 2986 6,
494 2904 523 2984 9,
549 2905 599 2988 12,
624 2905 674 2989 14,
697 2906 740 2968 22
761 2910 795 2969 et
815 2905 913 2969 Arist.
937 2926 963 2969 c.
985 2904 1022 2989 ἵ),
1053 2904 1094 2968 15
1116 2903 1167 2984 (cf.
1189 2923 1262 2987 pag.
1285 2903 1327 2967 23

203 3005 342 3084 32-34)
349 3028 358 3081 3
395 3027 480 3071 cave.
508 3025 583 3071 vero
619 3006 699 3071 mihi
735 3006 869 3072 obiicias
903 3030 923 3073 a
953 3003 1130 3070 Plutarcho
1159 3026 1327 3087 nunquam

203 3108 384 3190 complures
407 3106 513 3174 fontes
544 3109 639 3174 simul
670 3111 848 3193 exscriptos
878 3129 957 3174 esse.
1000 3108 1083 3172 Nam
1106 3113 1233 3173 constat
1254 3129 1328 3173 eum

204 3228 301 3294 saepe
314 3210 469 3293 primario
486 3209 571 3285 fonti
584 3232 690 3295 pauca
703 3211 832 3276 aliunde
847 3211 951 3293 petita
959 3210 1125 3277 addidisse
1134 3209 1193 3294 4⁴);
1206 3231 1273 3293 qua
1287 3207 1328 3274 de

271 3469 317 3530 44)
335 3465 369 3520 E.
389 3485 411 3519 c.
433 3465 564 3536 Sauppius
582 3436 658 3519 dev.
679 3465 788 3519 Periclis
801 3483 877 3539 capp.
896 3470 998 3520 25-28
1015 3466 1086 3519 huuc
1103 3464 1132 3518 in
1148 3464 1258 3517 modum
1275 3463 1328 3519 dis-

203 3551 307 3620 putavit
332 3554 401 3613 (Act.
422 3551 514 3605 societ.
533 3550 586 3604 litt.
605 3550 732 3631 Gotting.
745 3551 799 3605 vol.
818 3550 895 3616 XIII,
916 3569 978 3622 pag.
999 3554 1057 3616 10):
1078 3549 1160 3615 „Und
1177 3549 1237 3602 dass
1254 3549 1328 3602 diese

205 3635 344 3692 einfaohen
360 3637 493 3706 Angaben
510 3637 585 3690 nicht
596 3644 665 3690 elwa
676 3653 734 3701 nur,
755 3635 815 3689 weil
828 3635 964 3689 dieselben
981 3635 1083 3690 Suchen
1094 3633 1210 3688 erzaehlt
1221 3634 1328 3687 werden

203 3728 336 3787 mussten,
367 3724 416 3776 mit
441 3723 611 3793 Thucydides
634 3721 696 3775 dem
721 3721 822 3776 lnhalte
848 3721 916 3775 uach
939 3720 1188 3783 dhereinstimmen‚
1213 3719 1329 3772 sondern

203 3805 378 3861 unmittelbar
402 3806 450 3861 auf
471 3807 640 3878 Thucydides
663 3808 874 3873 zuri'rckweiscn,
900 3807 971 3877 zeigt
990 3806 1037 3860 -die
1055 3804 1207 3860 Gleichheit
1225 3805 1328 3858 heines·

204 3907 277 3961 wegs
291 3908 359 3962 ganz
371 3892 756 3964 gewdhnlicherWendungen
769 3899 936 3964 —spectant
949 3893 1016 3946 haec
1027 3892 1062 3946 ad
1068 3909 1115 3945 sex
1128 3897 1232 3946 tuntum
1246 3908 1328 3944 enun-

204 3975 329 4032 tiationes
354 3995 431 4049 capp.
451 3981 552 4032 25—28
568 4009 610 4033 -.
648 3979 775 4034 Plutarch
797 3979 845 4032 hat
866 3978 1034 4048 Thucydides
1057 3977 1179 4032 dennoch
1202 3975 1329 4046 nirgends

195 4069 338 4130 genennt,
364 4064 429 4117 aber
452 4062 495 4116 die
513 4061 608 4117 Worte
626 4082 648 4117 c.
667 4068 715 4119 28:
742 4062 869 4133 ὠμότητα
886 4096 921 4104 -
939 4062 971 4129 ἢν
989 4064 1049 4117 οὔτε
1070 4064 1234 4128 Θουκυδίδης
1257 4057 1330 4112 ἱστό-

209 4164 286 4214 ρηκεν
304 4148 352 4201 οὔτ
365 4149 479 4219 Ἔφορος
497 4149 544 4202 odi·
556 4150 735 4220 Adrumetina
751 4150 840 4220 geben
857 4149 1044 4204 hinreichende
1062 4148 1240 4219 Andeutung‚
1267 4144 1329 4200 wel-

1158 4239 1176 4289 4
