3182 4906
631 368 911 470 '-rt-

240 578 330 644 Ceut.
353 577 489 661 Nepotis
505 578 588 644 Milt.
610 596 679 662 cap.
702 578 723 641 4
743 584 777 643 et
827 578 977 642 thunium
989 583 1150 660 campum)
1162 600 1222 662 σφι
1230 577 1364 662 κατηγὲ·

241 681 398 746 Charonis
429 679 543 764 fragm.
572 681 592 745 2
617 679 776 764 (Muelleri
828 703 885 744 eto
906 675 1044 757 Ἱππίης
1061 676 1079 742 ὁ
1099 679 1363 762 Πεισιστράτου.

239 780 642 867 hist.graec.fragm.vol.
665 783 691 866 Ι,
709 782 774 869 32).
826 778 1002 860 Ἀθηναῖοι
1037 779 1271 868 δι’-ἐβοήθεον
1307 783 1364 844 καὶ

827 878 967 957 adtolit
980 884 1039 949 τόν
1054 884 1265 967 Μαραθῶνα.
1281 870 1365 968 ἦγον

828 984 865 1052 δέ
902 1007 1010 1075 σφεας
1047 986 1235 1069 στρατηγοὶ
1273 985 1365 1069 δέκα,

829 1086 892 1151 τῶν
915 1083 932 1151 ὁ
949 1087 1091 1165 δέκατος
1107 1074 1147 1167 ἦν
1167 1084 1365 1164 Μιλτιάδης.

239 1184 292 1257 Ἔν
314 1194 348 1258 δὲ
371 1191 411 1282 τῇ
430 1186 526 1280 μάχῃ
539 1188 691 1273 μάλιστα
713 1190 777 1254 τῶν
827 1190 875 1254 Id.
898 1190 954 1274 VI,
978 1189 1053 1253 113:
1082 1190 1140 1253 καὶ
1166 1185 1203 1254 tri
1225 1192 1285 1271 μὲν
1306 1189 1362 1270 μὲ-

240 1290 428 1371 'Adrastida
457 1292 517 1356 tori
543 1291 645 1376 μέσον
673 1291 776 1367 aonii·
828 1313 888 1355 σον
912 1290 969 1355 τοῦ
997 1290 1229 1377 στρατοπέδου
1252 1288 1366 1356 ἐνίκων

240 1418 361 1470 σαντος
374 1396 432 1459 καὶ
448 1395 607 1458 πλεῖστον
621 1393 776 1458 ἐνταῦθα
828 1394 860 1457 οἱ
881 1391 1059 1481 βάρβαροι.

235 1494 360 1583 χρόνον
388 1495 453 1560 τῶν
473 1493 659 1581 βαρβάρων
681 1493 777 1561 rivas-
967 1508 970 1509 ’

240 1597 422 1683 paracietus
443 1635 485 1645 -

326 1736 414 1812 Quae
443 1740 551 1800 autem
572 1740 744 1817 praeterea
766 1734 805 1799 de
828 1733 1039 1805 Marathonia
1049 1739 1075 1812 3)
1105 1757 1216 1819 pugna
1236 1720 1365 1801 Plutar-

241 1835 320 1900 chus
332 1837 393 1900 hoc
408 1836 478 1901 loco
494 1837 608 1919 tradit,
624 1857 662 1900 ea
677 1836 765 1920 apud
780 1834 979 1902 Herodotum
1001 1859 1066 1902 non
1090 1844 1227 1922 exstant,
1244 1859 1310 1921 qua
1326 1839 1365 1903 de

242 1959 341 2004 causa
363 1940 475 2003 statim
497 1938 539 2002 ad
562 1938 789 2002 Themistoclis
812 1939 911 2004 vitam
935 1940 1127 2004 accedimus.

327 2039 437 2104 Them.
460 2060 530 2123 cap.
554 2040 582 2103 6.
606 2039 715 2103 decem
737 2041 831 2105 annis
854 2042 1090 2125 praeterlapsis
1113 2039 1365 2106 Themistoclem

242 2142 284 2208 ah
312 2141 567 2206 Atheniensibus
599 2141 713 2206 ducem
742 2128 888 2205 creatum
919 2163 988 2207 esse
1017 2143 1213 2207 Plutarchus
1242 2151 1366 2227 narrat,

242 2264 382 2326 quocum
403 2245 546 2308 concinit
567 2244 751 2309 Herodotus
774 2242 861 2329 (VH,
886 2245 946 2309 173
966 2243 1170 2328 ἐστρατήγεε
1194 2244 1229 2308 δὲ
1251 2245 1365 2308 Λακι-

243 2341 426 2428 δαιμονίων
447 2349 511 2428 μὲν
532 2344 714 2422 Εὐαίνετος
738 2384 776 2393 -
800 2342 992 2425 Ἀθηναίων
1015 2347 1051 2409 δὲ
1076 2345 1324 2428 Θεμιστοκλέης
1348 2343 1365 2411 ὁ

243 2448 442 2530 Νεοκλέος);
465 2467 524 2511 nec
545 2469 621 2513 vero
643 2448 773 2531 reliqua
795 2448 883 2531 apud
906 2447 992 2512 hunc
1015 2453 1133 2528 sunta.

311 2743 337 2804 3)
355 2739 398 2792 De
416 2738 586 2793 Marathonia
603 2740 712 2808 regione
731 2741 763 2793 cf.
785 2738 921 2792 Finlaium
938 2739 966 2791 in
984 2738 1170 2793 Transactions
1188 2738 1218 2791 of
1232 2739 1278 2791 the
1293 2739 1367 2808 royal

243 2825 342 2894 society
359 2823 413 2877 vol.
432 2823 487 2887 ΠΙ,
516 2841 542 2893 p.
562 2827 612 2878 363
630 2841 685 2894 seq.
706 2825 739 2877 de
757 2831 878 2894 tempore
896 2831 985 2877 autem
1003 2823 1144 2876 Freretum
1169 2823 1249 2887 (Hist.
1271 2824 1304 2877 de
1322 2825 1367 2878 l’a-

243 2911 302 2964 cad.
328 2909 375 2962 des
392 2909 473 2961 inser.
493 2909 595 2975 XVIII,
618 2913 667 2965 134
684 2914 778 2980 seqq),
808 2910 994 2962 Hermannum
1020 2907 1137 2974 (Griech.
1156 2909 1365 2975 Monatskunde‚

244 2998 319 3059 1844,
339 3012 366 3064 p.
386 2993 439 3059 27),
467 2995 660 3064 Lahmeyerum
678 2995 710 3065 (l.
730 2995 748 3050 l.
768 3013 829 3065 pag.
849 2998 902 3060 61),
923 2993 1038 3063 denique
1056 2994 1089 3046 de
1108 3011 1198 3064 pugna
1216 2994 1273 3064 ipsa
1291 2995 1367 3048 Cam·

242 3081 316 3151 pium
337 3080 390 3145 (De
409 3077 499 3150 pugna
516 3080 693 3147 Marathonia,
716 3081 803 3146 1867).
1241 3140 1243 3144 ,

309 3168 337 3231 4)
355 3164 473 3219 Arthmii
496 3167 659 3221 mentionem
682 3166 756 3220 haud
779 3166 817 3218 ita
834 3182 893 3218 raro
912 3165 1012 3218 faciunt
1036 3170 1154 3218 oratores
1172 3166 1270 3231 Attici,
1297 3184 1319 3220 e.
1342 3185 1364 3221 c.

242 3250 439 3305 Demosthenes
464 3250 543 3315 (Phil.
563 3252 621 3317 ΙΙΙ,
648 3250 708 3322 pa‘g.
731 3255 792 3315 121,
813 3255 861 3314 42;
885 3251 928 3304 D'e
947 3250 1016 3303 male
1035 3257 1102 3317 gest.
1122 3249 1176 3318 leg.
1195 3255 1257 3316 428)
1276 3258 1303 3305 et
1320 3252 1369 3305 Di·

242 3336 355 3390 narchus
374 3335 421 3400 (II,
441 3338 495 3399 24).
513 3367 547 3375 -
562 3337 604 3388 De
623 3337 743 3407 Epicyde
762 3336 832 3389 idem
846 3335 1005 3388 Plutarchus
1023 3334 1135 3388 tradidit
1152 3336 1247 3389 Moral.
1269 3335 1291 3400 Ι,
1307 3341 1365 3390 221.

242 3421 285 3474 De
309 3420 397 3474 verbis
420 3425 563 3471 ἐπαινεῖται
587 3422 609 3472 δ’
637 3422 720 3474 αὐτοῦ
741 3462 746 3474 .
767 3460 773 3471 .
793 3463 797 3471 .
817 3419 944 3488 ἐτόλμησε
967 3422 1016 3489 χρῖ
1021 3426 1088 3470 σθαι
1113 3420 1229 3473 Sintenis
1252 3421 1323 3474 hunc
1340 3421 1367 3473 in

242 3507 352 3559 modum
375 3506 519 3577 disputavit
543 3507 617 3572 (edit.
637 3525 662 3560 v.
684 3509 779 3579 Themw.
802 3511 867 3570 1832
892 3524 954 3577 pag.
980 3511 1042 3573 an:
1071 3507 1162 3571 „Rem
1186 3506 1281 3576 ipsam
1296 3506 1367 3577 quod

243 3592 348 3656 attinet,
368 3592 510 3662 quominus
528 3593 562 3646 ad
579 3593 723 3646 secundam
741 3594 886 3646 referamus
899 3592 1073 3645 barbarorum
1086 3592 1290 3661 expeditionem,
1312 3592 1367 3645 He·

242 3676 331 3729 rodoti
354 3676 467 3746 impedit
490 3677 672 3730 testimonium
699 3678 845 3748 praefracte
872 3678 994 3746 negantis
1012 3677 1128 3730 Xerxem
1153 3677 1271 3730 Athenas
1290 3678 1367 3747 Spar-

242 3768 351 3832 tamque
369 3762 472 3830 legatos
489 3762 590 3815 misisse
609 3763 668 3817 libr.
690 3764 750 3827 VII,
772 3767 804 3817 32
822 3770 849 3816 et
869 3766 926 3815 133.
946 3762 1005 3815 Iam
1022 3780 1087 3821 vero
1104 3780 1164 3815 cum
1182 3761 1367 3815 Themistoclis

243 3847 310 3900 illud
327 3846 429 3900 facinus
441 3847 475 3900 ad
493 3847 604 3917 primam
619 3848 761 3901 Persarum
776 3848 867 3915 referri
886 3856 1009 3917 nequeat,
1029 3849 1051 3901 si
1070 3848 1178 3919 quidem
1196 3847 1225 3900 id
1243 3855 1270 3900 et
1287 3848 1367 3901 nexui

243 3933 325 3985 totius
343 3931 394 3985 loci
416 3940 547 4002 repugnat
565 3939 592 3985 et
608 3964 641 3972 —-
659 3933 776 3986 reiicitur
792 3932 835 3986 vel
853 3951 902 3998 ec,
923 3934 994 4004 quod
1012 3932 1218 3987 Themistoclem
1236 3939 1301 3985 ante
1320 3951 1367 4003 pu-

243 4034 325 4086 gnam
342 4017 541 4073 Marathoniam
560 4017 594 4070 ad
611 4035 668 4070 rem
686 4017 821 4088 publicam
839 4036 891 4072 non
910 4019 1048 4073 accessisse
1067 4018 1185 4089 pluribus
1203 4024 1306 4071 constat
1323 4035 1367 4070 ve-

243 4112 330 4156 terum
348 4102 457 4174 quidem
475 4102 633 4173 scriptorum
650 4100 809 4158 testimoniis
819 4105 861 4171 (P),
882 4102 949 4157 mihi
967 4102 1076 4176 quidem
1088 4120 1151 4158 vero
1167 4102 1254 4157 simile
1267 4103 1359 4159 videtu
