3182 4906
766 444 975 513 ...ηηω

299 638 398 684 causa
423 614 588 702 Wollfius,
612 617 700 701 quod
723 618 766 682 ad
787 618 898 684 Them.
920 639 1013 704 capp.
1037 619 1140 682 7-17
1164 620 1300 702 attinet,
1330 617 1371 685 ob
1393 617 1427 684 id

298 742 400 784 unum
430 719 718 803 reprehendendus
748 719 830 784 mihi
851 719 996 803 videtur,
1019 722 1107 804 quod
1128 721 1275 804 Diodori,
1297 722 1426 804 Iustini,

298 821 435 905 Nepotis
467 823 673 887 narrationes
708 842 843 904 prorsus
879 824 1030 907 neglexit
1081 823 1150 887 lam
1178 841 1255 887 vero
1285 822 1425 889 forsitan
1492 824 1497 833 '

205 920 211 923 ’
298 922 461 1006 quispiam
493 945 566 987 oum
587 922 716 989 Wolffio
749 924 868 988 dixerit
900 944 939 988 ea
961 926 1094 1009 saltem,
1117 945 1202 1008 quae
1224 925 1370 989 nondum
1391 926 1426 990 in
1492 948 1499 959 ·

298 1026 523 1108 quaestionem
545 1030 662 1092 vocata
684 1025 766 1109 sint,
798 1024 839 1089 ab
867 1026 1199 1112 atthidographorum
1227 1025 1337 1090 indole
1366 1027 1424 1090 mi·
1492 1025 1502 1091 ,ἰ

296 1128 383 1192 nime
401 1127 593 1194 abhorrere:
616 1134 693 1193 sunt
709 1128 795 1191 enim
818 1127 916 1191 haec:
939 1128 1050 1194 Them.
1074 1147 1100 1192 o.
1125 1130 1162 1191 11
1188 1126 1296 1192 ταῦτά
1321 1150 1355 1192 τι
1380 1126 1421 1205 δὴ
1492 1182 1499 1221 .-

294 1225 426 1310 μεγάλα
449 1268 491 1277 -
512 1228 602 1312 μετά
626 1231 689 1294 τῶν
710 1226 824 1292 ἄλλων
847 1231 996 1295 πολιτῶν
1019 1228 1076 1315 (ad
1094 1235 1218 1294 certum
1241 1228 1358 1294 saltem
1376 1230 1423 1293 iu·
1492 1288 1497 1299 .

295 1330 413 1395 dicium
439 1333 477 1396 de
499 1332 551 1397 his
568 1332 675 1397 verbis
698 1350 796 1415 supra
818 1353 883 1396 non
900 1332 1116 1414 pervenimus
1139 1331 1179 1396 cf.
1194 1350 1267 1415 pag.
1290 1331 1357 1417 35),
1383 1332 1422 1395 12

295 1431 427 1514 λέγεται
443 1429 472 1499 δ’
487 1430 552 1497 ὑπό
567 1430 990 1512 τινοιν-ἐπικαθίζουσαν
1006 1433 1058 1513 (cs.
1072 1454 1146 1518 pag.
1161 1434 1280 1517 26),14
1293 1432 1421 1512 ἑκάστη
1492 1482 1496 1491 .

296 1536 371 1607 τοῦς
384 1534 450 1598 άπὸ
469 1537 525 1599 τοῦ
542 1532 824 1621 καταστρώματος
840 1572 883 1582 -
899 1536 1184 1620 προσφερομένοις
1198 1533 1249 1618 (cf.
1265 1556 1339 1618 pag.
1355 1535 1421 1623 35),

296 1635 573 1718 1ὅθιμιστοκλης
588 1634 898 1721 δ’άποσιιρώμτνος
916 1634 985 1715 xri,
998 1638 1098 1703 Arist.
1106 1658 1131 1702 c.
1149 1637 1358 1702 hieretotum
1369 1641 1421 1723 ⁴⁵),

296 1741 333 1803 ll
351 1739 555 1825 Ἀριστείδου
581 1740 617 1802 δὲ
640 1739 840 1821 πέμψαντος
862 1736 939 1818 nti,
965 1741 1017 1824 13,
1044 1740 1081 1806 16
1102 1740 1136 1803 οἱ
1158 1743 1219 1821 μὲν
1242 1730 1303 1803 οὖν
1324 1736 1422 1804 ἄλλοι

295 1844 478 1925 στρατηγοὶ
510 1844 574 1907 τῶν
597 1837 789 1920 Ἀθηναίων
816 1879 860 1888 -
889 1840 1090 1907 Μιλτιάδου
1119 1843 1204 1930 δοκῇ
1236 1841 1293 1903 καὶ
1323 1838 1421 1926 τύχης
1492 1870 1499 1929 '.

291 1940 383 2006 oillei
406 1941 609 2024 Ἀθηναίων,
633 1945 670 2007 17
689 1941 774 2025 ἔνιοι
798 1945 834 2009 δέ
856 1966 943 2029 φασι
967 1941 1032 2018 κτὲ,
1058 1944 1097 2009 19
1121 1941 1235 2019 ἔδοξεν
1251 1939 1422 2027 ὑπηρέτην
1501 1935 1502 1940 ’

294 2045 369 2106 τινά
393 2066 432 2092 ’-
456 2043 516 2109 τὸν
538 2042 725 2130 ἄνθρωπον
752 2052 850 2127 atque
879 2047 943 2109 τῶν
965 2045 995 2111 δ’
1014 2040 1096 2130 aare
1122 2043 1179 2121 τῆς
1200 2040 1357 2119 Ἑλλάδος
1379 2084 1419 2095 -

297 2146 356 2207 καὶ
380 2146 581 2231 τριακόσιοι,
613 2149 662 2212 20.
686 2147 774 2226 Quae
796 2147 906 2211 omnia
927 2164 986 2209 nec
1009 2144 1097 2229 apud
1118 2144 1337 2231 Herodotum,
1360 2166 1420 2211 nec
1492 2132 1498 2183 ῗ

297 2246 386 2330 apud
407 2248 587 2315 Diodorum
609 2270 669 2313 nec
691 2248 779 2333 apud
800 2248 962 2313 Iustinum
984 2268 1043 2311 nec
1072 2247 1159 2329 apud
1181 2247 1340 2331 Nepotem
1366 2267 1419 2312 ex·
1493 2256 1498 2265 “

295 2354 395 2432 stant,
418 2351 504 2415 unde
527 2372 592 2415 non
615 2352 773 2434 sequitur,
796 2357 833 2415 ut
848 2350 998 2435 Ephorus
1019 2359 1086 2415 non
1101 2349 1222 2415 similia
1239 2349 1419 2424 rettulerit3
1492 2406 1496 2429 ,

294 2450 420 2517 duobus
451 2455 538 2516 enim
560 2459 689 2519 tantum
712 2452 791 2519 locis
814 2451 1011 2517 Plutarchus
1034 2456 1067 2515 et
1088 2451 1251 2517 Diodorus
1274 2452 1417 2516 intense
1492 2440 1498 2455 '

292 2552 489 2637 discrepant.
537 2554 583 2620 Cf.

290 2653 533 2720 Themllis'mi
547 2652 700 2720 δὲταῦτα
715 2649 821 2737 ἔδοξε,
840 2654 970 2720 etniod.
993 2656 1057 2737 XI,
1088 2656 1147 2720 19:
1178 2654 1238 2720 τδν
1259 2656 1416 2719 παιδα-
1492 2678 1500 2734 7

291 2756 414 2838 τιέμιιιι
450 2756 708 2839 (Θεμιστοκλῆς)
748 2755 824 2823 τινά
877 2755 1016 2843 γωγδν
1053 2759 1130 2821 τῶν
1161 2752 1287 2824 ἰδίων
1316 2759 1418 2823 υἱῶν

289 2862 351 2921 τῶν
382 2857 568 2940 βασιλικῶν
597 2855 761 2944 ιιῗνοιῖχων
789 2858 824 2924 ἐν
876 2855 1050 2924 α’τιὲστιιλι
1085 2858 1118 2943 (ὁ
1168 2860 1414 2945 Θεμιστοκλῆς)

290 2960 365 3034 τοῖς»
405 2954 631 3047 αἰχμαλώτοις
666 2959 822 3047 άνενριδν,
876 2960 957 3044 σρδς
980 2958 1042 3025 τδν
1055 2953 1182 3044 Ξέρξην
1206 2958 1417 3041 δηλώσοντα,
1496 2985 1500 2988 ·

291 3060 485 3144 4ρνακην
508 3058 657 3147 ὄνομα,
680 3061 824 3148 φράζειν
877 3059 966 3127 διότι
997 3060 1053 3125 xri
1080 3062 1164 3126 Nam
1187 3061 1416 3127 Themistoclis

284 3164 419 3250 βασιλεῖ
440 3160 681 3244 retrosuadae
704 3162 769 3229 uri.
875 3164 1052 3229 liberorum
1074 3163 1276 3248 praeceptori
1296 3185 1414 3229 nomen

875 3272 947 3329 erat
968 3263 1144 3331 Sicinno
1167 3265 1302 3350 (Herod.
1324 3265 1412 3350 VIII,

785 3448 795 3461 .
875 3367 916 3431 75
938 3373 973 3431 et
995 3369 1076 3452 110).

286 3469 384 3533 Arist.
410 3470 449 3533 19
473 3467 535 3563 τῶν
554 3465 664 3554 δ’δπδρ
684 3465 821 3544 τῆςἙλ-
874 3468 968 3534 Diod.
1002 3470 1048 3535 XI
1056 3519 1066 3552 ,
1096 3470 1154 3534 33:
1189 3470 1349 3535 τοιοῦτον
1378 3471 1414 3535 δὲ

287 3569 392 3644 λάδος
420 3570 677 3655 άγωνισαμένων
703 3567 823 3636 insono
874 3570 976 3655 πέρας
1009 3571 1067 3647 τῆς
1094 3570 1203 3657 μάχης
1232 3571 1414 3654 λαβοίσης,
1496 3589 1499 3600 ·

286 3723 347 3775 ohes
364 3723 409 3776 die
426 3721 699 3794 Hauptquellen
724 3723 831 3794 (plurali
848 3742 958 3778 numero
976 3740 1040 3777 usus
1057 3725 1125 3790 esti)
1146 3724 1234 3790 seien,
1260 3741 1307 3777 aus
1325 3724 1413 3777 denen

284 3824 314 3860 er
331 3807 375 3861 die
389 3807 548 3863 Geschichte
566 3808 613 3861 des
631 3808 780 3861 samischen
798 3809 884 3879 Zuges
902 3825 1072 3878 genommen.
1099 3809 1150 3862 Bei
1167 3809 1247 3863 ollem
1265 3810 1327 3863 dem
1344 3808 1412 3875 also,

283 3907 338 3945 was
350 3911 383 3946 zu
395 3893 448 3945 den
460 3898 477 3947 6
490 3911 537 3947 aus
550 3894 718 3964 Thucydides
731 3895 916 3947 stammenden
931 3893 1231 3965 Saetzenhinnugesfigt
1242 3895 1286 3960 ist,
1305 3894 1413 3948 werden

284 3977 340 4041 wir,
364 3995 437 4031 wenn
454 3978 529 4032 nicht
546 3979 588 4032 fur
605 3979 737 4032 einzelnes
756 3979 804 4033 der
817 3979 1027 4033 Gewthrsmann
1044 3988 1163 4049 genennt
1179 3981 1222 4046 ist,
1243 3998 1277 4033 an
1288 3979 1413 4050 Ephoros

284 4063 349 4117 oder
366 4062 523 4116 Aristoteles
540 4082 573 4117 zu
590 4064 697 4117 denken
714 4065 835 4119 haben.“

353 4151 398 4215 45)
417 4146 458 4202 Cf.
478 4147 559 4217 Berg.
579 4165 641 4219 pag.
662 4150 710 4214 373
730 4158 829 4216 metuo,
850 4166 884 4204 ne
901 4150 942 4206 vir
958 4148 1053 4204 doctus
1071 4167 1088 4204 ιι
1103 4167 1166 4208 vero
1184 4150 1298 4206 aberret.
