<?xml version="1.0" encoding="UTF-8"?>
<!DOCTYPE html PUBLIC "-//W3C//DTD XHTML 1.0 Transitional//EN"
    "http://www.w3.org/TR/xhtml1/DTD/xhtml1-transitional.dtd">
<html xmlns="http://www.w3.org/1999/xhtml" xml:lang="en" lang="en">
 <head>
  <title>
</title>
<meta http-equiv="Content-Type" content="text/html;charset=utf-8" />
  <meta name='ocr-system' content='tesseract 3.04.00' />
  <meta name='ocr-capabilities' content='ocr_page ocr_carea ocr_par ocr_line ocrx_word'/>
</head>
<body>
  <div class='ocr_page' id='page_1' title='image "./quaestionesplut00hbgoog_0050.png"; bbox 0 0 3182 4906; ppageno 0'>
   <div class='ocr_carea' id='block_1_1' title="bbox 679 502 887 569">
    <p class='ocr_par' dir='ltr' id='par_1_1' title="bbox 679 502 887 569">
     <span class='ocr_line' id='line_1_1' title="bbox 679 502 887 569; baseline 0.005 -17"><span class='ocrx_word' id='word_1_1' title='bbox 679 502 887 569; x_wconf 62' lang='lat'><strong>...21-</strong></span> 
     </span>
    </p>
   </div>
   <div class='ocr_carea' id='block_1_2' title="bbox 218 670 1346 763">
    <p class='ocr_par' dir='ltr' id='par_1_2' title="bbox 218 670 1346 763">
     <span class='ocr_line' id='line_1_2' title="bbox 218 670 1346 763; baseline 0.008 -27"><span class='ocrx_word' id='word_1_2' title='bbox 218 691 244 737; x_wconf 85' lang='lat' dir='ltr'>c.</span> <span class='ocrx_word' id='word_1_3' title='bbox 261 671 292 756; x_wconf 82' lang='lat'>5,</span> <span class='ocrx_word' id='word_1_4' title='bbox 315 670 549 739; x_wconf 86' lang='lat' dir='ltr'>Themistocles</span> <span class='ocrx_word' id='word_1_5' title='bbox 572 674 639 740; x_wconf 89' lang='lat' dir='ltr'>iam</span> <span class='ocrx_word' id='word_1_6' title='bbox 668 676 755 759; x_wconf 92' lang='lat' dir='ltr'>apud</span> <span class='ocrx_word' id='word_1_7' title='bbox 782 675 979 745; x_wconf 80' lang='lat' dir='ltr'>Marathona</span> <span class='ocrx_word' id='word_1_8' title='bbox 1002 679 1132 763; x_wconf 79' lang='lat' dir='ltr'>patriae</span> <span class='ocrx_word' id='word_1_9' title='bbox 1157 676 1346 747; x_wconf 90' lang='lat' dir='ltr'>libertatem</span> 
     </span>
    </p>
   </div>
   <div class='ocr_carea' id='block_1_3' title="bbox 112 774 1344 869">
    <p class='ocr_par' dir='ltr' id='par_1_3' title="bbox 112 774 1344 869">
     <span class='ocr_line' id='line_1_3' title="bbox 112 774 1344 869; baseline 0.007 -31"><span class='ocrx_word' id='word_1_10' title='bbox 112 784 116 795; x_wconf 93' lang='lat'>&#39;</span> <span class='ocrx_word' id='word_1_11' title='bbox 218 774 350 839; x_wconf 89' lang='lat' dir='ltr'>fortiter</span> <span class='ocrx_word' id='word_1_12' title='bbox 372 778 471 842; x_wconf 83' lang='lat' dir='ltr'>armis</span> <span class='ocrx_word' id='word_1_13' title='bbox 493 777 639 842; x_wconf 77' lang='lat' dir='ltr'>defendit</span> <span class='ocrx_word' id='word_1_14' title='bbox 655 777 764 861; x_wconf 85' lang='lat' dir='ltr'>(tertio</span> <span class='ocrx_word' id='word_1_15' title='bbox 779 781 849 844; x_wconf 90' lang='lat' dir='ltr'>loco</span> <span class='ocrx_word' id='word_1_16' title='bbox 865 779 951 844; x_wconf 90' lang='lat' dir='ltr'>idem</span> <span class='ocrx_word' id='word_1_17' title='bbox 965 787 1092 845; x_wconf 82' lang='lat' dir='ltr'>exstare</span> <span class='ocrx_word' id='word_1_18' title='bbox 1107 803 1174 846; x_wconf 92' lang='lat' dir='ltr'>non</span> <span class='ocrx_word' id='word_1_19' title='bbox 1191 782 1344 869; x_wconf 88' lang='lat' dir='ltr'>videtur).</span> 
     </span>
    </p>
   </div>
   <div class='ocr_carea' id='block_1_4' title="bbox 110 877 1347 1477">
    <p class='ocr_par' dir='ltr' id='par_1_4' title="bbox 110 877 1347 1375">
     <span class='ocr_line' id='line_1_4' title="bbox 303 877 1345 969; baseline 0.008 -28"><span class='ocrx_word' id='word_1_20' title='bbox 303 877 452 960; x_wconf 87' lang='lat' dir='ltr'>Denique</span> <span class='ocrx_word' id='word_1_21' title='bbox 486 879 562 943; x_wconf 90' lang='lat' dir='ltr'>licet</span> <span class='ocrx_word' id='word_1_22' title='bbox 591 880 738 944; x_wconf 87' lang='lat' dir='ltr'>conferre</span> <span class='ocrx_word' id='word_1_23' title='bbox 768 881 810 966; x_wconf 88' lang='lat' dir='ltr'>H,</span> <span class='ocrx_word' id='word_1_24' title='bbox 835 883 884 966; x_wconf 75' lang='lat'>12,</span> <span class='ocrx_word' id='word_1_25' title='bbox 905 884 924 946; x_wconf 80' lang='lat'><strong>2</strong></span> <span class='ocrx_word' id='word_1_26' title='bbox 948 882 1210 969; x_wconf 79' lang='lat' dir='ltr'>(Themistocles)</span> <span class='ocrx_word' id='word_1_27' title='bbox 1240 907 1345 968; x_wconf 81' lang='lat' dir='ltr'>„sym-</span> 
     </span>
     <span class='ocr_line' id='line_1_5' title="bbox 218 979 1346 1067; baseline 0.006 -23"><span class='ocrx_word' id='word_1_28' title='bbox 218 979 311 1045; x_wconf 89' lang='lat' dir='ltr'>bolos</span> <span class='ocrx_word' id='word_1_29' title='bbox 325 983 507 1063; x_wconf 89' lang='lat' dir='ltr'>proponi</span> <span class='ocrx_word' id='word_1_30' title='bbox 531 988 563 1045; x_wconf 91' lang='lat' dir='ltr'>et</span> <span class='ocrx_word' id='word_1_31' title='bbox 586 984 671 1047; x_wconf 87' lang='lat' dir='ltr'>saxis</span> <span class='ocrx_word' id='word_1_32' title='bbox 694 984 854 1067; x_wconf 86' lang='lat' dir='ltr'>proscribi</span> <span class='ocrx_word' id='word_1_33' title='bbox 871 990 965 1050; x_wconf 88' lang='lat' dir='ltr'>curat</span> <span class='ocrx_word' id='word_1_34' title='bbox 984 986 1067 1048; x_wconf 84' lang='lat' dir='ltr'>etc.“</span> <span class='ocrx_word' id='word_1_35' title='bbox 1090 991 1162 1050; x_wconf 81' lang='lat' dir='ltr'>cu‘m</span> <span class='ocrx_word' id='word_1_36' title='bbox 1178 986 1346 1054; x_wconf 84' lang='lat' dir='ltr'>Plutarchi</span> 
     </span>
     <span class='ocr_line' id='line_1_6' title="bbox 218 1081 1347 1174; baseline 0.005 -29"><span class='ocrx_word' id='word_1_37' title='bbox 218 1082 325 1147; x_wconf 83' lang='lat' dir='ltr'>vorbis</span> <span class='ocrx_word' id='word_1_38' title='bbox 350 1081 423 1156; x_wconf 80' lang='grc' dir='ltr'><em>τους</em></span> <span class='ocrx_word' id='word_1_39' title='bbox 446 1084 476 1149; x_wconf 79' lang='grc' dir='ltr'>δ’</span> <span class='ocrx_word' id='word_1_40' title='bbox 499 1090 554 1164; x_wconf 82' lang='lat' dir='ltr'>(sc.</span> <span class='ocrx_word' id='word_1_41' title='bbox 578 1083 713 1165; x_wconf 79' lang='grc' dir='ltr'>λίθους)</span> <span class='ocrx_word' id='word_1_42' title='bbox 738 1082 865 1160; x_wconf 74' lang='grc' dir='ltr'><em>αὐτὸς</em></span> <span class='ocrx_word' id='word_1_43' title='bbox 888 1083 1010 1162; x_wconf 80' lang='grc' dir='ltr'><em>ι’στοίς</em></span> <span class='ocrx_word' id='word_1_44' title='bbox 1034 1090 1111 1171; x_wconf 77' lang='grc' dir='ltr'><em>περὶ</em></span> <span class='ocrx_word' id='word_1_45' title='bbox 1135 1088 1178 1152; x_wconf 88' lang='grc' dir='ltr'>τοὶ</span> <span class='ocrx_word' id='word_1_46' title='bbox 1201 1088 1347 1174; x_wconf 83' lang='grc' dir='ltr'><em>υσυλὸχα</em></span> 
     </span>
     <span class='ocr_line' id='line_1_7' title="bbox 110 1183 1344 1279; baseline 0.003 -30"><span class='ocrx_word' id='word_1_47' title='bbox 110 1262 116 1279; x_wconf 85' lang='lat'><em>.</em></span> <span class='ocrx_word' id='word_1_48' title='bbox 219 1184 278 1249; x_wconf 88' lang='grc' dir='ltr'>καὶ</span> <span class='ocrx_word' id='word_1_49' title='bbox 301 1184 361 1260; x_wconf 85' lang='grc' dir='ltr'><em>τοὶς</em></span> <span class='ocrx_word' id='word_1_50' title='bbox 383 1183 517 1271; x_wconf 75' lang='grc' dir='ltr'><strong><em>ὑδρείας</em></strong></span> <span class='ocrx_word' id='word_1_51' title='bbox 541 1188 664 1267; x_wconf 80' lang='lat' dir='ltr'>(Them.</span> <span class='ocrx_word' id='word_1_52' title='bbox 682 1210 706 1251; x_wconf 87' lang='lat' dir='ltr'>c.</span> <span class='ocrx_word' id='word_1_53' title='bbox 723 1189 767 1272; x_wconf 80' lang='lat'>9),</span> <span class='ocrx_word' id='word_1_54' title='bbox 790 1187 908 1270; x_wconf 89' lang='lat' dir='ltr'>quibus</span> <span class='ocrx_word' id='word_1_55' title='bbox 932 1190 1020 1273; x_wconf 90' lang='lat' dir='ltr'>apud</span> <span class='ocrx_word' id='word_1_56' title='bbox 1042 1189 1247 1255; x_wconf 91' lang='lat' dir='ltr'>Herodotum</span> <span class='ocrx_word' id='word_1_57' title='bbox 1273 1190 1344 1275; x_wconf 86' lang='lat' dir='ltr'>qui-</span> 
     </span>
     <span class='ocr_line' id='line_1_8' title="bbox 111 1286 819 1375; baseline 0.006 -26"><span class='ocrx_word' id='word_1_58' title='bbox 111 1294 116 1317; x_wconf 73' lang='lat'><em>*</em></span> <span class='ocrx_word' id='word_1_59' title='bbox 221 1286 294 1350; x_wconf 89' lang='lat' dir='ltr'>dem</span> <span class='ocrx_word' id='word_1_60' title='bbox 317 1286 402 1351; x_wconf 87' lang='lat' dir='ltr'>nihil</span> <span class='ocrx_word' id='word_1_61' title='bbox 424 1291 601 1371; x_wconf 84' lang='lat' dir='ltr'>respondet</span> <span class='ocrx_word' id='word_1_62' title='bbox 625 1291 677 1370; x_wconf 82' lang='lat' dir='ltr'>(cf.</span> <span class='ocrx_word' id='word_1_63' title='bbox 700 1314 731 1374; x_wconf 90' lang='lat' dir='ltr'>p.</span> <span class='ocrx_word' id='word_1_64' title='bbox 755 1289 819 1375; x_wconf 76' lang='lat'>25).</span> 
     </span>
    </p>

    <p class='ocr_par' dir='ltr' id='par_1_5' title="bbox 304 1389 1343 1477">
     <span class='ocr_line' id='line_1_9' title="bbox 304 1389 1343 1477; baseline 0.004 -23"><span class='ocrx_word' id='word_1_65' title='bbox 304 1389 374 1455; x_wconf 89' lang='lat' dir='ltr'>Iam</span> <span class='ocrx_word' id='word_1_66' title='bbox 393 1392 508 1455; x_wconf 90' lang='lat' dir='ltr'>ultimo</span> <span class='ocrx_word' id='word_1_67' title='bbox 528 1394 597 1457; x_wconf 87' lang='lat' dir='ltr'>loco</span> <span class='ocrx_word' id='word_1_68' title='bbox 615 1412 654 1457; x_wconf 86' lang='lat' dir='ltr'>ex</span> <span class='ocrx_word' id='word_1_69' title='bbox 669 1391 794 1457; x_wconf 83' lang='lat' dir='ltr'>Ctesiae</span> <span class='ocrx_word' id='word_1_70' title='bbox 810 1392 957 1475; x_wconf 86' lang='lat' dir='ltr'>reliquiis</span> <span class='ocrx_word' id='word_1_71' title='bbox 971 1412 1078 1477; x_wconf 86' lang='lat' dir='ltr'>pauca</span> <span class='ocrx_word' id='word_1_72' title='bbox 1093 1393 1243 1469; x_wconf 85' lang='lat' dir='ltr'>afferam3</span> <span class='ocrx_word' id='word_1_73' title='bbox 1266 1400 1343 1458; x_wconf 88' lang='lat' dir='ltr'>sunt</span> 
     </span>
    </p>
   </div>
   <div class='ocr_carea' id='block_1_5' title="bbox 112 1489 1346 1582">
    <p class='ocr_par' dir='ltr' id='par_1_6' title="bbox 112 1489 1346 1582">
     <span class='ocr_line' id='line_1_10' title="bbox 112 1489 1346 1582; baseline 0.005 -28"><span class='ocrx_word' id='word_1_74' title='bbox 112 1546 116 1555; x_wconf 94' lang='lat'><em>.</em></span> <span class='ocrx_word' id='word_1_75' title='bbox 220 1491 301 1555; x_wconf 91' lang='lat' dir='ltr'>haec</span> <span class='ocrx_word' id='word_1_76' title='bbox 324 1491 414 1572; x_wconf 89' lang='lat' dir='ltr'>(edit.</span> <span class='ocrx_word' id='word_1_77' title='bbox 439 1494 572 1559; x_wconf 84' lang='lat' dir='ltr'>Baeluii</span> <span class='ocrx_word' id='word_1_78' title='bbox 594 1517 667 1580; x_wconf 86' lang='lat' dir='ltr'>pag.</span> <span class='ocrx_word' id='word_1_79' title='bbox 691 1496 732 1559; x_wconf 72' lang='grc' dir='ltr'>ΤΟ</span> <span class='ocrx_word' id='word_1_80' title='bbox 755 1492 788 1582; x_wconf 65' lang='grc' dir='ltr'>ξ</span> <span class='ocrx_word' id='word_1_81' title='bbox 819 1495 901 1577; x_wconf 78' lang='grc'><strong>26.);</strong></span> <span class='ocrx_word' id='word_1_82' title='bbox 932 1489 951 1560; x_wconf 90' lang='lat' dir='ltr'>o‘</span> <span class='ocrx_word' id='word_1_83' title='bbox 982 1497 1016 1559; x_wconf 78' lang='grc' dir='ltr'>δὲ</span> <span class='ocrx_word' id='word_1_84' title='bbox 1039 1490 1165 1581; x_wconf 79' lang='grc' dir='ltr'><em>Ξέρξης</em></span> <span class='ocrx_word' id='word_1_85' title='bbox 1188 1493 1346 1563; x_wconf 75' lang='grc' dir='ltr'><em>αὐτόθεν</em></span> 
     </span>
    </p>
   </div>
   <div class='ocr_carea' id='block_1_6' title="bbox 220 1591 1346 1697">
    <p class='ocr_par' dir='ltr' id='par_1_7' title="bbox 220 1591 1346 1697">
     <span class='ocr_line' id='line_1_11' title="bbox 220 1591 1346 1697; baseline 0 -39"><span class='ocrx_word' id='word_1_86' title='bbox 220 1591 335 1658; x_wconf 76' lang='grc' dir='ltr'><em>ἐλθών</em></span> <span class='ocrx_word' id='word_1_87' title='bbox 356 1592 566 1661; x_wconf 84' lang='grc' dir='ltr'><em>στενότατον</em></span> <span class='ocrx_word' id='word_1_88' title='bbox 579 1593 655 1697; x_wconf 39' lang='grc' dir='ltr'>(τῆς</span> <span class='ocrx_word' id='word_1_89' title='bbox 683 1593 845 1677; x_wconf 77' lang='grc' dir='ltr'><em>Ἀττικῆς,</em></span> <span class='ocrx_word' id='word_1_90' title='bbox 882 1591 901 1662; x_wconf 76' lang='grc' dir='ltr'><em>ὃ</em></span> <span class='ocrx_word' id='word_1_91' title='bbox 931 1592 1142 1683; x_wconf 77' lang='grc' dir='ltr'><em>Ἡράκλειον</em></span> <span class='ocrx_word' id='word_1_92' title='bbox 1179 1599 1346 1682; x_wconf 78' lang='grc' dir='ltr'><em>καλεῖται,</em></span> 
     </span>
    </p>
   </div>
   <div class='ocr_carea' id='block_1_7' title="bbox 111 1693 1397 1795">
    <p class='ocr_par' dir='ltr' id='par_1_8' title="bbox 111 1693 1397 1795">
     <span class='ocr_line' id='line_1_12' title="bbox 111 1693 1397 1795; baseline 0.003 -36"><span class='ocrx_word' id='word_1_93' title='bbox 111 1772 116 1795; x_wconf 77' lang='lat'><em>=</em></span> <span class='ocrx_word' id='word_1_94' title='bbox 221 1693 352 1783; x_wconf 75' lang='grc' dir='ltr'><em>ἐχώννυε</em></span> <span class='ocrx_word' id='word_1_95' title='bbox 366 1695 477 1781; x_wconf 76' lang='grc' dir='ltr'><em>χῶμα,</em></span> <span class='ocrx_word' id='word_1_96' title='bbox 504 1699 587 1789; x_wconf 73' lang='grc' dir='ltr'><em>πεζῇ</em></span> <span class='ocrx_word' id='word_1_97' title='bbox 601 1695 652 1762; x_wconf 79' lang='grc' dir='ltr'>ἐπ’</span> <span class='ocrx_word' id='word_1_98' title='bbox 665 1695 772 1775; x_wconf 76' lang='grc' dir='ltr'><em>αὐτήν</em></span> <span class='ocrx_word' id='word_1_99' title='bbox 788 1698 952 1782; x_wconf 72' lang='grc' dir='ltr'><em>διαβῆναι</em></span> <span class='ocrx_word' id='word_1_100' title='bbox 966 1696 1208 1779; x_wconf 78' lang='grc' dir='ltr'><em>διανοούμενος.</em></span> <span class='ocrx_word' id='word_1_101' title='bbox 1224 1699 1349 1788; x_wconf 78' lang='grc' dir='ltr'><em>βουλῇ</em></span> <span class='ocrx_word' id='word_1_102' title='bbox 1395 1753 1397 1756; x_wconf 24' lang='lat'><strong>⁴</strong></span> 
     </span>
    </p>
   </div>
   <div class='ocr_carea' id='block_1_8' title="bbox 223 1796 1349 1883">
    <p class='ocr_par' dir='ltr' id='par_1_9' title="bbox 223 1796 1349 1883">
     <span class='ocr_line' id='line_1_13' title="bbox 223 1796 1349 1883; baseline 0.002 -21"><span class='ocrx_word' id='word_1_103' title='bbox 223 1801 263 1862; x_wconf 79' lang='grc' dir='ltr'>δὲ</span> <span class='ocrx_word' id='word_1_104' title='bbox 287 1796 874 1882; x_wconf 74' lang='grc' dir='ltr'><em>ΘεμιστοκλέουςἈθηναίου</em></span> <span class='ocrx_word' id='word_1_105' title='bbox 895 1800 1264 1883; x_wconf 82' lang='grc' dir='ltr'><em>καὶἉριστείόου,</em></span> <span class='ocrx_word' id='word_1_106' title='bbox 1289 1823 1349 1866; x_wconf 93' lang='grc' dir='ltr'>το-</span> 
     </span>
    </p>
   </div>
   <div class='ocr_carea' id='block_1_9' title="bbox 112 1895 1349 1988">
    <p class='ocr_par' dir='ltr' id='par_1_10' title="bbox 112 1895 1349 1988">
     <span class='ocr_line' id='line_1_14' title="bbox 112 1895 1349 1988; baseline 0.001 -24"><span class='ocrx_word' id='word_1_107' title='bbox 112 1962 116 1971; x_wconf 90' lang='grc'>,</span> <span class='ocrx_word' id='word_1_108' title='bbox 223 1895 344 1977; x_wconf 82' lang='grc' dir='ltr'><em>ξόται</em></span> <span class='ocrx_word' id='word_1_109' title='bbox 364 1905 441 1985; x_wconf 79' lang='grc' dir='ltr'>μὲν</span> <span class='ocrx_word' id='word_1_110' title='bbox 465 1900 545 1966; x_wconf 82' lang='grc' dir='ltr'><em>α’ττό</em></span> <span class='ocrx_word' id='word_1_111' title='bbox 568 1901 738 1988; x_wconf 75' lang='grc' dir='ltr'><em>Κρήτης</em></span> <span class='ocrx_word' id='word_1_112' title='bbox 759 1903 1104 1986; x_wconf 78' lang='grc' dir='ltr'><strong><em>προσκαλοῦνται</em></strong></span> <span class='ocrx_word' id='word_1_113' title='bbox 1127 1905 1196 1967; x_wconf 87' lang='grc' dir='ltr'>καὶ</span> <span class='ocrx_word' id='word_1_114' title='bbox 1218 1927 1349 1987; x_wconf 82' lang='grc' dir='ltr'><em>παρα-</em></span> 
     </span>
    </p>
   </div>
   <div class='ocr_carea' id='block_1_10' title="bbox 199 1992 1351 2395">
    <p class='ocr_par' dir='ltr' id='par_1_11' title="bbox 199 1992 1351 2395">
     <span class='ocr_line' id='line_1_15' title="bbox 223 1992 1349 2090; baseline 0.003 -25"><span class='ocrx_word' id='word_1_115' title='bbox 223 2003 438 2086; x_wconf 75' lang='grc' dir='ltr'><em>γίνονται·</em></span> <span class='ocrx_word' id='word_1_116' title='bbox 467 1992 542 2068; x_wconf 80' lang='grc' dir='ltr'><em>είτα</em></span> <span class='ocrx_word' id='word_1_117' title='bbox 573 2001 743 2090; x_wconf 81' lang='grc' dir='ltr'><em>ναυμαχία</em></span> <span class='ocrx_word' id='word_1_118' title='bbox 771 2006 914 2089; x_wconf 79' lang='grc' dir='ltr'><em>Περσῶν</em></span> <span class='ocrx_word' id='word_1_119' title='bbox 944 2007 1003 2068; x_wconf 88' lang='grc' dir='ltr'>καὶ</span> <span class='ocrx_word' id='word_1_120' title='bbox 1032 2002 1200 2084; x_wconf 77' lang='grc' dir='ltr'><em>Ἑλλήνων</em></span> <span class='ocrx_word' id='word_1_121' title='bbox 1222 2002 1349 2090; x_wconf 76' lang='grc' dir='ltr'><em>γίνεται</em></span> 
     </span>
     <span class='ocr_line' id='line_1_16' title="bbox 199 2101 1350 2194; baseline 0.004 -27"><span class='ocrx_word' id='word_1_122' title='bbox 199 2107 204 2115; x_wconf 85' lang='grc'>’</span> <span class='ocrx_word' id='word_1_123' title='bbox 224 2157 250 2172; x_wconf 85' lang='grc'>.,</span> <span class='ocrx_word' id='word_1_124' title='bbox 267 2159 273 2171; x_wconf 89' lang='grc'><em>,</em></span> <span class='ocrx_word' id='word_1_125' title='bbox 291 2106 349 2168; x_wconf 85' lang='grc' dir='ltr'>καὶ</span> <span class='ocrx_word' id='word_1_126' title='bbox 372 2106 507 2170; x_wconf 75' lang='grc' dir='ltr'><em>νικοῖσιν</em></span> <span class='ocrx_word' id='word_1_127' title='bbox 524 2101 694 2184; x_wconf 76' lang='grc' dir='ltr'><em>Ἕλληνες</em></span> <span class='ocrx_word' id='word_1_128' title='bbox 706 2108 764 2169; x_wconf 87' lang='grc' dir='ltr'>καὶ</span> <span class='ocrx_word' id='word_1_129' title='bbox 791 2103 1055 2194; x_wconf 71' lang='grc' dir='ltr'><em>διαφθείρονται</em></span> <span class='ocrx_word' id='word_1_130' title='bbox 1077 2108 1248 2194; x_wconf 81' lang='grc' dir='ltr'><em>Περσικαὶ</em></span> <span class='ocrx_word' id='word_1_131' title='bbox 1272 2129 1350 2172; x_wconf 80' lang='grc' dir='ltr'><em>πεν-</em></span> 
     </span>
     <span class='ocr_line' id='line_1_17' title="bbox 223 2203 1348 2299; baseline 0.003 -28"><span class='ocrx_word' id='word_1_132' title='bbox 223 2205 385 2271; x_wconf 89' lang='grc' dir='ltr'><em>τακόσιαι</em></span> <span class='ocrx_word' id='word_1_133' title='bbox 414 2207 489 2284; x_wconf 78' lang='grc' dir='ltr'><em>νῆες</em></span> <span class='ocrx_word' id='word_1_134' title='bbox 512 2210 571 2271; x_wconf 86' lang='grc' dir='ltr'>καὶ</span> <span class='ocrx_word' id='word_1_135' title='bbox 601 2206 720 2295; x_wconf 74' lang='grc' dir='ltr'><em>τχετίχει</em></span> <span class='ocrx_word' id='word_1_136' title='bbox 750 2203 876 2296; x_wconf 81' lang='grc' dir='ltr'><em>Ξέρξης</em></span> <span class='ocrx_word' id='word_1_137' title='bbox 899 2210 1005 2299; x_wconf 77' lang='grc' dir='ltr'><em>’βουλῇ</em></span> <span class='ocrx_word' id='word_1_138' title='bbox 1032 2210 1138 2274; x_wconf 81' lang='grc' dir='ltr'><em>πάλιν</em></span> <span class='ocrx_word' id='word_1_139' title='bbox 1170 2211 1229 2273; x_wconf 86' lang='grc' dir='ltr'>καί</span> <span class='ocrx_word' id='word_1_140' title='bbox 1252 2209 1348 2297; x_wconf 75' lang='grc' dir='ltr'><em>τέχνῃ</em></span> 
     </span>
     <span class='ocr_line' id='line_1_18' title="bbox 217 2306 1351 2395; baseline 0.003 -24"><span class='ocrx_word' id='word_1_141' title='bbox 217 2306 420 2393; x_wconf 76' lang='grc' dir='ltr'><em>,Ἀριστείδου</em></span> <span class='ocrx_word' id='word_1_142' title='bbox 465 2310 521 2370; x_wconf 86' lang='grc' dir='ltr'>καὶ</span> <span class='ocrx_word' id='word_1_143' title='bbox 553 2309 816 2392; x_wconf 73' lang='grc' dir='ltr'><em>Θεμιστοκλέους</em></span> <span class='ocrx_word' id='word_1_144' title='bbox 877 2311 999 2379; x_wconf 85' lang='lat' dir='ltr'>Ctesias</span> <span class='ocrx_word' id='word_1_145' title='bbox 1036 2313 1138 2395; x_wconf 85' lang='lat' dir='ltr'>igitur</span> <span class='ocrx_word' id='word_1_146' title='bbox 1174 2311 1351 2375; x_wconf 80' lang='lat' dir='ltr'>Aristidem</span> 
     </span>
    </p>
   </div>
   <div class='ocr_carea' id='block_1_11' title="bbox 110 2410 1351 2600">
    <p class='ocr_par' dir='ltr' id='par_1_12' title="bbox 110 2410 1351 2600">
     <span class='ocr_line' id='line_1_19' title="bbox 110 2410 1351 2497; baseline -0.001 -22"><span class='ocrx_word' id='word_1_147' title='bbox 110 2416 115 2425; x_wconf 89' lang='lat'>&#39;</span> <span class='ocrx_word' id='word_1_148' title='bbox 223 2411 337 2495; x_wconf 88' lang='lat' dir='ltr'>procul</span> <span class='ocrx_word' id='word_1_149' title='bbox 360 2410 458 2475; x_wconf 89' lang='lat' dir='ltr'>dubio</span> <span class='ocrx_word' id='word_1_150' title='bbox 481 2411 579 2494; x_wconf 92' lang='lat' dir='ltr'>paulo</span> <span class='ocrx_word' id='word_1_151' title='bbox 603 2413 693 2496; x_wconf 86' lang='lat' dir='ltr'>prius</span> <span class='ocrx_word' id='word_1_152' title='bbox 717 2434 815 2495; x_wconf 91' lang='lat' dir='ltr'>quam</span> <span class='ocrx_word' id='word_1_153' title='bbox 830 2415 1016 2479; x_wconf 88' lang='lat' dir='ltr'>Herodotus</span> <span class='ocrx_word' id='word_1_154' title='bbox 1034 2415 1120 2497; x_wconf 79' lang='lat' dir='ltr'>vul,</span> <span class='ocrx_word' id='word_1_155' title='bbox 1146 2415 1186 2477; x_wconf 76' lang='lat'>79</span> <span class='ocrx_word' id='word_1_156' title='bbox 1207 2410 1248 2476; x_wconf 93' lang='lat' dir='ltr'>ad</span> <span class='ocrx_word' id='word_1_157' title='bbox 1267 2413 1351 2476; x_wconf 84' lang='lat' dir='ltr'>cives</span> 
     </span>
     <span class='ocr_line' id='line_1_20' title="bbox 110 2512 1351 2600; baseline 0.002 -25"><span class='ocrx_word' id='word_1_158' title='bbox 110 2552 116 2575; x_wconf 61' lang='grc' dir='ltr'><em>τ</em></span> <span class='ocrx_word' id='word_1_159' title='bbox 224 2514 413 2578; x_wconf 87' lang='lat' dir='ltr'>redeuntem</span> <span class='ocrx_word' id='word_1_160' title='bbox 437 2512 527 2588; x_wconf 85' lang='lat' dir='ltr'>fecit3</span> <span class='ocrx_word' id='word_1_161' title='bbox 556 2516 649 2597; x_wconf 89' lang='lat' dir='ltr'>atqui</span> <span class='ocrx_word' id='word_1_162' title='bbox 670 2514 867 2580; x_wconf 83' lang='lat' dir='ltr'>Plutarchus</span> <span class='ocrx_word' id='word_1_163' title='bbox 890 2515 970 2579; x_wconf 89' lang='lat' dir='ltr'>haec</span> <span class='ocrx_word' id='word_1_164' title='bbox 991 2516 1108 2580; x_wconf 84' lang='lat' dir='ltr'>refert:</span> <span class='ocrx_word' id='word_1_165' title='bbox 1132 2515 1244 2599; x_wconf 86' lang='lat' dir='ltr'>(Arist.</span> <span class='ocrx_word' id='word_1_166' title='bbox 1267 2536 1292 2577; x_wconf 89' lang='lat' dir='ltr'>c.</span> <span class='ocrx_word' id='word_1_167' title='bbox 1316 2513 1351 2600; x_wconf 88' lang='lat'>8)</span> 
     </span>
    </p>
   </div>
   <div class='ocr_carea' id='block_1_12' title="bbox 225 2612 1352 2704">
    <p class='ocr_par' dir='ltr' id='par_1_13' title="bbox 225 2612 1352 2704">
     <span class='ocr_line' id='line_1_21' title="bbox 225 2612 1352 2704; baseline 0 -26"><span class='ocrx_word' id='word_1_168' title='bbox 225 2613 324 2704; x_wconf 77' lang='grc' dir='ltr'><em>τρίτῳ</em></span> <span class='ocrx_word' id='word_1_169' title='bbox 354 2615 384 2680; x_wconf 85' lang='grc' dir='ltr'>δ’</span> <span class='ocrx_word' id='word_1_170' title='bbox 415 2614 480 2678; x_wconf 70' lang='grc' dir='ltr'><em>ἔτει</em></span> <span class='ocrx_word' id='word_1_171' title='bbox 510 2612 634 2700; x_wconf 78' lang='grc' dir='ltr'><em>Ξέρξου</em></span> <span class='ocrx_word' id='word_1_172' title='bbox 655 2613 736 2679; x_wconf 48' lang='grc' dir='ltr'>Ἰτλιοί</span> <span class='ocrx_word' id='word_1_173' title='bbox 765 2616 1009 2693; x_wconf 72' lang='grc' dir='ltr'><em>Θετταλίας</em></span> <span class='ocrx_word' id='word_1_174' title='bbox 1040 2619 1109 2680; x_wconf 88' lang='grc' dir='ltr'>καὶ</span> <span class='ocrx_word' id='word_1_175' title='bbox 1138 2612 1352 2690; x_wconf 88' lang='grc' dir='ltr'><em>Βοιωτίας</em></span> 
     </span>
    </p>
   </div>
   <div class='ocr_carea' id='block_1_13' title="bbox 109 2711 1351 2806">
    <p class='ocr_par' dir='ltr' id='par_1_14' title="bbox 109 2711 1351 2806">
     <span class='ocr_line' id='line_1_22' title="bbox 109 2711 1351 2806; baseline 0 -25"><span class='ocrx_word' id='word_1_176' title='bbox 109 2756 115 2769; x_wconf 84' lang='grc'><strong>-</strong></span> <span class='ocrx_word' id='word_1_177' title='bbox 224 2716 426 2791; x_wconf 77' lang='grc' dir='ltr'><em>ἐλαύνοντος</em></span> <span class='ocrx_word' id='word_1_178' title='bbox 441 2718 494 2783; x_wconf 78' lang='grc' dir='ltr'>ἐπὶ</span> <span class='ocrx_word' id='word_1_179' title='bbox 514 2718 575 2797; x_wconf 72' lang='grc' dir='ltr'>τήν</span> <span class='ocrx_word' id='word_1_180' title='bbox 591 2715 735 2798; x_wconf 70' lang='grc' dir='ltr'><em>Ἀττικήν</em></span> <span class='ocrx_word' id='word_1_181' title='bbox 752 2711 912 2793; x_wconf 83' lang='grc' dir='ltr'><em>λύσαντες</em></span> <span class='ocrx_word' id='word_1_182' title='bbox 927 2718 986 2783; x_wconf 80' lang='grc' dir='ltr'>τόν</span> <span class='ocrx_word' id='word_1_183' title='bbox 1005 2717 1110 2802; x_wconf 86' lang='grc' dir='ltr'><em>νόμον</em></span> <span class='ocrx_word' id='word_1_184' title='bbox 1133 2715 1351 2806; x_wconf 72' lang='grc' dir='ltr'><em>ἐψηφίσαντο</em></span> 
     </span>
    </p>
   </div>
   <div class='ocr_carea' id='block_1_14' title="bbox 224 2817 1350 2909">
    <p class='ocr_par' dir='ltr' id='par_1_15' title="bbox 224 2817 1350 2909">
     <span class='ocr_line' id='line_1_23' title="bbox 224 2817 1350 2909; baseline -0.003 -25"><span class='ocrx_word' id='word_1_185' title='bbox 224 2819 271 2904; x_wconf 83' lang='grc' dir='ltr'>(οἱ</span> <span class='ocrx_word' id='word_1_186' title='bbox 289 2817 478 2904; x_wconf 80' lang='grc' dir='ltr'><em>Ἀθηναῖοι)</em></span> <span class='ocrx_word' id='word_1_187' title='bbox 497 2830 580 2909; x_wconf 62' lang='grc' dir='ltr'>ὶτοῖς</span> <span class='ocrx_word' id='word_1_188' title='bbox 607 2824 803 2903; x_wconf 75' lang='grc' dir='ltr'><em>μεθεστῶσι</em></span> <span class='ocrx_word' id='word_1_189' title='bbox 833 2820 992 2886; x_wconf 79' lang='grc' dir='ltr'><em>κοτ’θοόον</em></span> <span class='ocrx_word' id='word_1_190' title='bbox 1022 2819 1080 2885; x_wconf 72' lang='lat' dir='ltr'>ari</span> <span class='ocrx_word' id='word_1_191' title='bbox 1101 2827 1200 2904; x_wconf 85' lang='lat' dir='ltr'>atque</span> <span class='ocrx_word' id='word_1_192' title='bbox 1224 2819 1350 2902; x_wconf 86' lang='lat' dir='ltr'>(Them.</span> 
     </span>
    </p>
   </div>
   <div class='ocr_carea' id='block_1_15' title="bbox 110 2917 1351 3109">
    <p class='ocr_par' dir='ltr' id='par_1_16' title="bbox 110 2917 1351 3109">
     <span class='ocr_line' id='line_1_24' title="bbox 112 2917 1351 3009; baseline -0.001 -23"><span class='ocrx_word' id='word_1_193' title='bbox 112 2956 116 2965; x_wconf 95' lang='lat'>·</span> <span class='ocrx_word' id='word_1_194' title='bbox 224 2945 249 2986; x_wconf 90' lang='lat' dir='ltr'>c.</span> <span class='ocrx_word' id='word_1_195' title='bbox 282 2922 336 3006; x_wconf 88' lang='lat'>11)</span> <span class='ocrx_word' id='word_1_196' title='bbox 363 2917 492 3004; x_wconf 78' lang='grc' dir='ltr'><em>,γράφει</em></span> <span class='ocrx_word' id='word_1_197' title='bbox 520 2923 573 3002; x_wconf 87' lang='lat' dir='ltr'>(sc.</span> <span class='ocrx_word' id='word_1_198' title='bbox 606 2923 854 3009; x_wconf 86' lang='lat' dir='ltr'>Themistocles)</span> <span class='ocrx_word' id='word_1_199' title='bbox 884 2922 1047 3008; x_wconf 69' lang='grc' dir='ltr'><em>ψήφισμα</em></span> <span class='ocrx_word' id='word_1_200' title='bbox 1070 2927 1140 2998; x_wconf 85' lang='grc' dir='ltr'><em>τοῖς</em></span> <span class='ocrx_word' id='word_1_201' title='bbox 1162 2923 1216 2985; x_wconf 80' lang='grc' dir='ltr'>ἐπὶ</span> <span class='ocrx_word' id='word_1_202' title='bbox 1240 2919 1351 3009; x_wconf 79' lang='grc' dir='ltr'><em>χρόνῳ</em></span> 
     </span>
     <span class='ocr_line' id='line_1_25' title="bbox 110 3018 1350 3109; baseline -0.006 -20"><span class='ocrx_word' id='word_1_203' title='bbox 110 3028 116 3041; x_wconf 91' lang='grc'><em>“</em></span> <span class='ocrx_word' id='word_1_204' title='bbox 223 3025 436 3108; x_wconf 76' lang='grc' dir='ltr'><em>μεθεστῶσιν</em></span> <span class='ocrx_word' id='word_1_205' title='bbox 450 3021 575 3099; x_wconf 76' lang='grc' dir='ltr'><em>ἐξεῖναι</em></span> <span class='ocrx_word' id='word_1_206' title='bbox 596 3025 803 3090; x_wconf 76' lang='grc' dir='ltr'><em>κατελθοῦσι</em></span> <span class='ocrx_word' id='word_1_207' title='bbox 828 3021 1033 3109; x_wconf 76' lang='grc' dir='ltr'><em>πράττειν</em></span> <span class='ocrx_word' id='word_1_208' title='bbox 1058 3024 1115 3085; x_wconf 91' lang='grc' dir='ltr'>καὶ</span> <span class='ocrx_word' id='word_1_209' title='bbox 1139 3022 1279 3106; x_wconf 80' lang='grc' dir='ltr'><em>λέγειν</em></span> <span class='ocrx_word' id='word_1_210' title='bbox 1303 3018 1350 3083; x_wconf 86' lang='grc' dir='ltr'>τοί</span> 
     </span>
    </p>
   </div>
   <div class='ocr_carea' id='block_1_16' title="bbox 223 3122 1350 3214">
    <p class='ocr_par' dir='ltr' id='par_1_17' title="bbox 223 3122 1350 3214">
     <span class='ocr_line' id='line_1_26' title="bbox 223 3122 1350 3214; baseline -0.001 -27"><span class='ocrx_word' id='word_1_211' title='bbox 223 3127 430 3208; x_wconf 81' lang='grc' dir='ltr'><em>βέλτιστα</em></span> <span class='ocrx_word' id='word_1_212' title='bbox 455 3122 495 3214; x_wconf 73' lang='grc' dir='ltr'>τῇ</span> <span class='ocrx_word' id='word_1_213' title='bbox 516 3122 683 3190; x_wconf 78' lang='grc' dir='ltr'><em>Ἑλλάδι</em></span> <span class='ocrx_word' id='word_1_214' title='bbox 706 3126 880 3209; x_wconf 73' lang='grc' dir='ltr'><em>μεταίτιον</em></span> <span class='ocrx_word' id='word_1_215' title='bbox 904 3123 1018 3187; x_wconf 81' lang='grc' dir='ltr'><em>τίλλων</em></span> <span class='ocrx_word' id='word_1_216' title='bbox 1040 3124 1192 3189; x_wconf 79' lang='grc' dir='ltr'><em>πολιτῶν.</em></span> <span class='ocrx_word' id='word_1_217' title='bbox 1234 3124 1350 3205; x_wconf 88' lang='lat' dir='ltr'>Itaque</span> 
     </span>
    </p>
   </div>
   <div class='ocr_carea' id='block_1_17' title="bbox 110 3224 1349 3310">
    <p class='ocr_par' dir='ltr' id='par_1_18' title="bbox 110 3224 1349 3310">
     <span class='ocr_line' id='line_1_27' title="bbox 110 3224 1349 3310; baseline -0.004 -18"><span class='ocrx_word' id='word_1_218' title='bbox 110 3288 115 3299; x_wconf 93' lang='grc'>,</span> <span class='ocrx_word' id='word_1_219' title='bbox 225 3229 277 3292; x_wconf 88' lang='lat' dir='ltr'>his</span> <span class='ocrx_word' id='word_1_220' title='bbox 300 3228 431 3310; x_wconf 88' lang='lat' dir='ltr'>quidem</span> <span class='ocrx_word' id='word_1_221' title='bbox 454 3227 532 3292; x_wconf 84' lang='lat' dir='ltr'>loeis</span> <span class='ocrx_word' id='word_1_222' title='bbox 555 3227 752 3292; x_wconf 81' lang='lat' dir='ltr'>Plutarchus</span> <span class='ocrx_word' id='word_1_223' title='bbox 775 3250 795 3291; x_wconf 88' lang='lat' dir='ltr'>a</span> <span class='ocrx_word' id='word_1_224' title='bbox 817 3226 928 3292; x_wconf 81' lang='lat' dir='ltr'>Ctesia</span> <span class='ocrx_word' id='word_1_225' title='bbox 950 3246 1052 3309; x_wconf 86' lang='lat' dir='ltr'>prope</span> <span class='ocrx_word' id='word_1_226' title='bbox 1076 3224 1189 3289; x_wconf 90' lang='lat' dir='ltr'>abesse</span> <span class='ocrx_word' id='word_1_227' title='bbox 1212 3225 1349 3306; x_wconf 85' lang='lat' dir='ltr'>videtur,</span> 
     </span>
    </p>
   </div>
   <div class='ocr_carea' id='block_1_18' title="bbox 225 3321 1408 3413">
    <p class='ocr_par' dir='ltr' id='par_1_19' title="bbox 225 3321 1408 3413">
     <span class='ocr_line' id='line_1_28' title="bbox 225 3321 1408 3413; baseline -0.003 -20"><span class='ocrx_word' id='word_1_228' title='bbox 225 3350 423 3413; x_wconf 89' lang='lat' dir='ltr'>quamquam</span> <span class='ocrx_word' id='word_1_229' title='bbox 446 3329 533 3411; x_wconf 86' lang='lat' dir='ltr'>quod</span> <span class='ocrx_word' id='word_1_230' title='bbox 557 3330 604 3394; x_wconf 88' lang='lat' dir='ltr'>ad</span> <span class='ocrx_word' id='word_1_231' title='bbox 614 3330 790 3393; x_wconf 86' lang='lat' dir='ltr'>Aristidem</span> <span class='ocrx_word' id='word_1_232' title='bbox 812 3331 918 3412; x_wconf 87' lang='lat' dir='ltr'>ipsum</span> <span class='ocrx_word' id='word_1_233' title='bbox 942 3330 1072 3409; x_wconf 83' lang='lat' dir='ltr'>attinet,</span> <span class='ocrx_word' id='word_1_234' title='bbox 1097 3328 1137 3392; x_wconf 92' lang='lat' dir='ltr'>ab</span> <span class='ocrx_word' id='word_1_235' title='bbox 1161 3349 1198 3392; x_wconf 93' lang='lat' dir='ltr'>eo</span> <span class='ocrx_word' id='word_1_236' title='bbox 1214 3326 1350 3390; x_wconf 88' lang='lat' dir='ltr'>dissidet</span> <span class='ocrx_word' id='word_1_237' title='bbox 1405 3321 1408 3325; x_wconf 69' lang='grc'>’</span> 
     </span>
    </p>
   </div>
   <div class='ocr_carea' id='block_1_19' title="bbox 110 3431 1352 3513">
    <p class='ocr_par' dir='ltr' id='par_1_20' title="bbox 110 3431 1352 3513">
     <span class='ocr_line' id='line_1_29' title="bbox 110 3431 1352 3513; baseline -0.005 -17"><span class='ocrx_word' id='word_1_238' title='bbox 110 3494 116 3505; x_wconf 92' lang='grc'><strong>,</strong></span> <span class='ocrx_word' id='word_1_239' title='bbox 222 3431 334 3495; x_wconf 78' lang='lat' dir='ltr'>Them.</span> <span class='ocrx_word' id='word_1_240' title='bbox 359 3453 385 3494; x_wconf 95' lang='grc' dir='ltr'>ο.</span> <span class='ocrx_word' id='word_1_241' title='bbox 410 3433 469 3513; x_wconf 72' lang='lat'>12,</span> <span class='ocrx_word' id='word_1_242' title='bbox 493 3432 571 3512; x_wconf 90' lang='lat' dir='ltr'>qnia</span> <span class='ocrx_word' id='word_1_243' title='bbox 593 3431 747 3495; x_wconf 84' lang='lat' dir='ltr'>hocloco</span> <span class='ocrx_word' id='word_1_244' title='bbox 770 3431 936 3495; x_wconf 89' lang='lat' dir='ltr'>Herodoto</span> <span class='ocrx_word' id='word_1_245' title='bbox 960 3438 1092 3495; x_wconf 90' lang='lat' dir='ltr'>auctore</span> <span class='ocrx_word' id='word_1_246' title='bbox 1115 3450 1191 3493; x_wconf 87' lang='lat' dir='ltr'>usus</span> <span class='ocrx_word' id='word_1_247' title='bbox 1214 3433 1278 3503; x_wconf 89' lang='lat' dir='ltr'>est;</span> <span class='ocrx_word' id='word_1_248' title='bbox 1301 3448 1352 3491; x_wconf 91' lang='lat' dir='ltr'>ac-</span> 
     </span>
    </p>
   </div>
   <div class='ocr_carea' id='block_1_20' title="bbox 225 3530 1351 4023">
    <p class='ocr_par' dir='ltr' id='par_1_21' title="bbox 225 3530 1351 4023">
     <span class='ocr_line' id='line_1_30' title="bbox 227 3530 1351 3616; baseline -0.001 -20"><span class='ocrx_word' id='word_1_249' title='bbox 227 3535 314 3598; x_wconf 88' lang='lat' dir='ltr'>cedit</span> <span class='ocrx_word' id='word_1_250' title='bbox 336 3539 460 3615; x_wconf 82' lang='lat' dir='ltr'>autem,</span> <span class='ocrx_word' id='word_1_251' title='bbox 490 3532 577 3615; x_wconf 89' lang='lat' dir='ltr'>quod</span> <span class='ocrx_word' id='word_1_252' title='bbox 599 3531 794 3599; x_wconf 86' lang='lat' dir='ltr'>Plutarchus</span> <span class='ocrx_word' id='word_1_253' title='bbox 824 3554 954 3616; x_wconf 86' lang='lat' dir='ltr'>quoque</span> <span class='ocrx_word' id='word_1_254' title='bbox 985 3532 1120 3615; x_wconf 82' lang='lat' dir='ltr'>singulis</span> <span class='ocrx_word' id='word_1_255' title='bbox 1143 3530 1278 3594; x_wconf 85' lang='lat' dir='ltr'>navibus</span> <span class='ocrx_word' id='word_1_256' title='bbox 1301 3550 1351 3595; x_wconf 88' lang='lat' dir='ltr'>sa-</span> 
     </span>
     <span class='ocr_line' id='line_1_31' title="bbox 226 3626 1350 3719; baseline -0.007 -19"><span class='ocrx_word' id='word_1_257' title='bbox 226 3636 377 3719; x_wconf 85' lang='lat' dir='ltr'>gittarios</span> <span class='ocrx_word' id='word_1_258' title='bbox 406 3636 576 3717; x_wconf 87' lang='lat' dir='ltr'>impositos</span> <span class='ocrx_word' id='word_1_259' title='bbox 607 3635 706 3699; x_wconf 87' lang='lat' dir='ltr'>fuisse</span> <span class='ocrx_word' id='word_1_260' title='bbox 737 3633 850 3700; x_wconf 90' lang='lat' dir='ltr'>Them.</span> <span class='ocrx_word' id='word_1_261' title='bbox 879 3656 903 3698; x_wconf 91' lang='grc' dir='ltr'>ο.</span> <span class='ocrx_word' id='word_1_262' title='bbox 936 3635 977 3698; x_wconf 87' lang='grc'>14</span> <span class='ocrx_word' id='word_1_263' title='bbox 994 3626 1117 3698; x_wconf 87' lang='lat' dir='ltr'>tradit.</span> <span class='ocrx_word' id='word_1_264' title='bbox 1162 3632 1250 3709; x_wconf 82' lang='lat' dir='ltr'>Quae</span> <span class='ocrx_word' id='word_1_265' title='bbox 1278 3650 1350 3693; x_wconf 91' lang='lat' dir='ltr'>cum</span> 
     </span>
     <span class='ocr_line' id='line_1_32' title="bbox 225 3734 1351 3820; baseline -0.006 -17"><span class='ocrx_word' id='word_1_266' title='bbox 225 3742 274 3803; x_wconf 90' lang='lat' dir='ltr'>ita</span> <span class='ocrx_word' id='word_1_267' title='bbox 303 3740 387 3820; x_wconf 88' lang='lat' dir='ltr'>sint,</span> <span class='ocrx_word' id='word_1_268' title='bbox 417 3737 501 3801; x_wconf 92' lang='lat' dir='ltr'>illud</span> <span class='ocrx_word' id='word_1_269' title='bbox 529 3736 657 3802; x_wconf 81' lang='lat' dir='ltr'>Ctesiae</span> <span class='ocrx_word' id='word_1_270' title='bbox 685 3736 905 3819; x_wconf 84' lang='lat' dir='ltr'>fragmentum</span> <span class='ocrx_word' id='word_1_271' title='bbox 927 3737 1078 3801; x_wconf 88' lang='lat' dir='ltr'>omittere</span> <span class='ocrx_word' id='word_1_272' title='bbox 1101 3734 1208 3816; x_wconf 88' lang='lat' dir='ltr'>nolui,</span> <span class='ocrx_word' id='word_1_273' title='bbox 1239 3753 1351 3814; x_wconf 89' lang='lat' dir='ltr'>quam·</span> 
     </span>
     <span class='ocr_line' id='line_1_33' title="bbox 227 3837 1351 3924; baseline -0.007 -19"><span class='ocrx_word' id='word_1_274' title='bbox 227 3862 325 3924; x_wconf 86' lang='lat' dir='ltr'>quam</span> <span class='ocrx_word' id='word_1_275' title='bbox 353 3839 408 3903; x_wconf 83' lang='lat' dir='ltr'>uix</span> <span class='ocrx_word' id='word_1_276' title='bbox 443 3840 616 3921; x_wconf 87' lang='lat' dir='ltr'>quicquam</span> <span class='ocrx_word' id='word_1_277' title='bbox 645 3859 682 3903; x_wconf 91' lang='lat' dir='ltr'>eo</span> <span class='ocrx_word' id='word_1_278' title='bbox 713 3837 914 3922; x_wconf 86' lang='lat' dir='ltr'>proficimus,</span> <span class='ocrx_word' id='word_1_279' title='bbox 953 3838 1031 3921; x_wconf 89' lang='lat' dir='ltr'>quia</span> <span class='ocrx_word' id='word_1_280' title='bbox 1065 3837 1275 3900; x_wconf 85' lang='lat' dir='ltr'>Plutarchum</span> <span class='ocrx_word' id='word_1_281' title='bbox 1312 3854 1351 3898; x_wconf 85' lang='lat' dir='ltr'>ex</span> 
     </span>
     <span class='ocr_line' id='line_1_34' title="bbox 228 3939 1061 4023; baseline -0.007 -17"><span class='ocrx_word' id='word_1_282' title='bbox 228 3942 336 4006; x_wconf 84' lang='lat' dir='ltr'>Ctesia</span> <span class='ocrx_word' id='word_1_283' title='bbox 358 3943 430 4023; x_wconf 87' lang='lat' dir='ltr'>ipso</span> <span class='ocrx_word' id='word_1_284' title='bbox 454 3961 513 4004; x_wconf 92' lang='lat' dir='ltr'>sua</span> <span class='ocrx_word' id='word_1_285' title='bbox 535 3939 683 4007; x_wconf 82' lang='lat' dir='ltr'>hausisse</span> <span class='ocrx_word' id='word_1_286' title='bbox 705 3940 932 4006; x_wconf 84' lang='lat' dir='ltr'>veridissimile</span> <span class='ocrx_word' id='word_1_287' title='bbox 955 3939 1061 4020; x_wconf 54' lang='lat' dir='ltr'>esth).</span> 
     </span>
    </p>
   </div>
   <div class='ocr_carea' id='block_1_21' title="bbox 226 4100 430 4108">
    <p class='ocr_par' dir='ltr' id='par_1_22' title="bbox 226 4100 430 4108">
     <span class='ocr_line' id='line_1_35' title="bbox 226 4100 430 4108; baseline -0.01 -1"><span class='ocrx_word' id='word_1_288' title='bbox 226 4100 430 4108; x_wconf 43' lang='grc' dir='ltr'>..ψ-..ῥυ-</span> 
     </span>
    </p>
   </div>
   <div class='ocr_carea' id='block_1_22' title="bbox 295 4156 1352 4236">
    <p class='ocr_par' dir='ltr' id='par_1_23' title="bbox 295 4156 1352 4236">
     <span class='ocr_line' id='line_1_36' title="bbox 295 4156 1352 4236; baseline -0.009 -16"><span class='ocrx_word' id='word_1_289' title='bbox 295 4166 339 4232; x_wconf 84' lang='grc'>28)</span> <span class='ocrx_word' id='word_1_290' title='bbox 359 4160 442 4226; x_wconf 88' lang='lat' dir='ltr'>Nam,</span> <span class='ocrx_word' id='word_1_291' title='bbox 463 4161 536 4236; x_wconf 90' lang='lat' dir='ltr'>quod</span> <span class='ocrx_word' id='word_1_292' title='bbox 555 4161 589 4215; x_wconf 85' lang='lat' dir='ltr'>ad</span> <span class='ocrx_word' id='word_1_293' title='bbox 606 4178 716 4235; x_wconf 83' lang='lat' dir='ltr'>graecas</span> <span class='ocrx_word' id='word_1_294' title='bbox 733 4177 775 4217; x_wconf 84' lang='lat' dir='ltr'>res</span> <span class='ocrx_word' id='word_1_295' title='bbox 794 4159 904 4226; x_wconf 86' lang='lat' dir='ltr'>attinet,</span> <span class='ocrx_word' id='word_1_296' title='bbox 924 4157 1028 4215; x_wconf 83' lang='lat' dir='ltr'>Ctesiae</span> <span class='ocrx_word' id='word_1_297' title='bbox 1047 4158 1232 4215; x_wconf 86' lang='lat' dir='ltr'>auctoritatem</span> <span class='ocrx_word' id='word_1_298' title='bbox 1250 4156 1352 4212; x_wconf 88' lang='lat' dir='ltr'>Plutar-</span> 
     </span>
    </p>
   </div>
   <div class='ocr_carea' id='block_1_23' title="bbox 0 0 1604 4906">
    <p class='ocr_par' dir='ltr' id='par_1_24' title="bbox 0 0 1604 4906">
     <span class='ocr_line' id='line_1_37' title="bbox 0 0 1604 4906; baseline 0 0"><span class='ocrx_word' id='word_1_299' title='bbox 0 0 1604 4906; x_wconf 95' lang='lat' dir='ltr'> </span> 
     </span>
    </p>
   </div>
  </div>
 </body>
</html>
