3182 4906
680 459 891 527 m45..

224 635 310 700 enim
339 631 448 716 Nepos
480 632 560 697 dieit
589 653 623 698 se
654 632 841 717 Thucydide
871 632 951 698 duee
982 633 1057 718 uti),
1081 634 1138 698 sed
1160 632 1347 719 discrepant

222 737 309 803 inter
345 756 379 802 se
409 734 449 800 de
482 742 577 820 parte
604 738 722 818 priore.
772 734 857 802 Nam
886 734 996 800 Ekker
1032 736 1181 801 coneedit
1215 737 1347 820 quidem

223 838 333 903 Them
349 857 443 921 capp.
463 839 548 903 2-4
563 858 602 901 ex
617 837 781 902 Herodoto
798 837 898 902 fluere
913 838 1070 921 potuisse,
1088 839 1144 903 sed
1159 841 1228 903 sine
1248 840 1346 904 dubio

222 939 298 1006 inde
312 941 395 1006 haec
417 939 526 1005 omnia
540 948 668 1021 sumpta
686 960 755 1004 esse
771 938 966 1011 contendere
984 938 1130 1014 dubitat3
1150 941 1346 1024 „nimirum“

223 1043 332 1125 inquit
361 1043 468 1127 „inter
490 1041 670 1126 innumera,
694 1062 779 1124 quae
807 1062 846 1105 ex
875 1045 1015 1123 utroque
1045 1046 1177 1107 auctore
1207 1043 1348 1108 conferri

224 1147 371 1230 possint,
400 1146 496 1228 looa,
517 1144 572 1207 rix
601 1145 701 1211 ullam
723 1143 833 1208 rideas
856 1145 1054 1209 sententiam
1075 1143 1191 1208 iisdem
1213 1167 1347 1228 prorsus

224 1247 391 1313 vocabulis
414 1267 600 1331 expressam
622 1245 810 1328 nullamque
832 1245 898 1309 fere
920 1245 1092 1310 historiam
1105 1246 1218 1310 eodem
1233 1246 1347 1314 ordine

222 1350 399 1431 eademque
420 1350 546 1413 ratione
568 1348 738 1413 relatam.“
759 1348 835 1433 Pag.
852 1349 988 1432 225-„—
1000 1348 1089 1413 haud
1110 1354 1231 1412 temere
1253 1349 1348 1415 nobis

222 1472 318 1534 agere
345 1450 508 1535 videmur,
541 1448 751 1533 perhibentes
780 1449 940 1532 Nepotem
970 1488 1009 1496 —
1040 1451 1089 1515 uti
1117 1450 1151 1514 in
1181 1450 1240 1514 illa
1268 1451 1347 1523 Pari

222 1552 390 1618 obsidione
414 1552 510 1632 (Milt.
534 1573 560 1615 e.
583 1552 615 1632 7)
639 1552 824 1634 etreliqua
846 1551 1002 1617 Miltiadis
1025 1553 1103 1637 vita,
1127 1551 1173 1616 sie
1194 1554 1295 1617 etiam
1312 1553 1347 1618 iu

158 1734 162 1743 ἱ
224 1660 406 1741 ceterorum
414 1703 423 1736 ,
458 1674 541 1735 quae
571 1655 606 1717 in
634 1652 719 1717 hano
742 1660 883 1719 aetatem
904 1655 1068 1738 incidunt,
1098 1653 1195 1718 rebus
1222 1654 1347 1739 Ephori

222 1756 378 1823 historias
395 1756 577 1841 prinoipem
591 1755 692 1819 fuisse
714 1754 837 1820 fontem
860 1777 1050 1838 summoque
1064 1756 1173 1820 studio
1188 1764 1348 1823 sectatum

222 1858 353 1924 fuisse.“
399 1858 522 1923 Contra
545 1878 603 1920 neo
626 1857 825 1922 Wiohersius
849 1857 894 1942 (p.
913 1859 967 1938 26)
991 1859 1096 1923 multa
1118 1878 1138 1921 a
1159 1857 1285 1942 Nepote
1308 1881 1348 1924 ex

221 1960 388 2025 Herodoto
418 1959 538 2024 hausta
568 1981 636 2024 esse
660 1960 767 2023 dicere
791 1958 953 2024 dubitavit
974 1979 1033 2024 neo
1047 1952 1348 2046 'Frendenbergiua

222 2084 424 2153 quamquam·
449 2062 615 2128 nonnullis
646 2061 725 2126 loeis
748 2060 909 2145 Nepotem
936 2062 977 2127 ab
1000 2051 1167 2128 Herodoto
1190 2064 1347 2130 dissidere

221 2167 459 2231 intellexemnt,
502 2165 651 2247 Denique
679 2163 835 2229 Rinekius
860 2168 945 2248 (pag.
968 2164 1073 2251 LIX),
1104 2167 1161 2249 qui
1189 2166 1270 2231 vitas
1293 2186 1345 2231 ex-

221 2267 409 2332 cellentium
432 2268 549 2332 dueum
572 2274 756 2331 exterarum
775 2268 919 2348 gentium
938 2287 1002 2330 non
1020 2287 1040 2330 a
1056 2268 1204 2332 Cornelio
1219 2269 1345 2352 Nepote

222 2368 279 2433 sed
310 2370 350 2434 ab
381 2364 520 2434 Aemilio
542 2368 648 2433 Probo
677 2367 821 2452 quodam
850 2371 1052 2452 conscriptas
1082 2391 1152 2435 esse
1184 2371 1245 2436 sibi
1274 2394 1346 2456 per-

158 2484 160 2489 ’
221 2474 322 2537 suasit
331 2474 383 2557 ⁴¹²),
402 2472 490 2537 huno
508 2471 543 2536 in
556 2470 689 2537 modum
703 2471 901 2571 disputavit3
916 2470 986 2554 „De
1002 2470 1218 2538 Themistocle
1238 2475 1347 2539 omnia

287 2681 331 2742 42)
351 2676 497 2729 Ineidimus
522 2677 550 2729 in
568 2676 766 2748 quaestionem,
786 2678 854 2746 quae
872 2675 925 2728 iam
942 2675 1089 2746 permultos
1106 2677 1176 2731 viros
1193 2678 1285 2732 doctos
1302 2697 1346 2733 ve·

221 2763 310 2826 xavit3
337 2780 400 2815 nam
417 2762 538 2827 fuerunt,
564 2763 610 2834 qui
634 2769 661 2816 et
685 2762 861 2815 exterioribus
883 2769 912 2814 et
927 2762 1098 2823 interioribus
1115 2764 1279 2832 argumentis
1296 2766 1346 2819 nisi

221 2848 291 2901 vitas
315 2848 506 2901 excellentium
529 2849 627 2901 dueum
655 2856 806 2902 exterarum
829 2848 950 2916 gentium
974 2865 990 2900 a
1013 2847 1137 2901 Cornelio
1157 2849 1262 2921 Nepote
1286 2869 1346 2905 con-

220 2934 332 3003 scriptas
356 2949 414 2986 esse
438 2941 577 3001 negarent,
613 2933 656 2985 Ex
679 2934 774 3004 quibus
796 2934 916 3003 inprimis
939 2933 1114 2986 nominandus
1139 2943 1178 2988 est
1205 2936 1344 3010 Rinokips‚
1390 2970 1392 2977 ι

221 3036 282 3072 eum
294 3037 319 3072 a.
337 3023 403 3074 1818
420 3018 519 3073 librum
537 3020 660 3084 ediderit,
681 3020 727 3090 qui
737 3020 888 3072 inscribitur
907 3019 1028 3088 „Saggio
1047 3019 1074 3071 di
1092 3021 1236 3074 unEsame
1255 3023 1345 3077 oritieo

220 3121 268 3173 per
284 3105 418 3158 restituire
436 3106 470 3158 ad
488 3105 588 3159 Emilio
603 3104 691 3158 Probo
709 3103 728 3156 il
745 3104 813 3158 libro
831 3106 865 3158 de
882 3105 937 3159 vita
955 3104 1141 3158 excellentium
1152 3106 1345 3177 Imperatorum

221 3189 330 3242 creduto
349 3201 551 3245 oomuuemente
570 3191 598 3245 di
617 3189 739 3244 Cornelio
758 3191 901 3261 Nepote“;
927 3207 995 3260 quae
1020 3199 1110 3243 autem
1128 3191 1172 3244 hic
1189 3193 1224 3245 ad
1241 3201 1345 3247 senten-

220 3273 286 3326 tiam
304 3291 380 3327 suam
396 3277 563 3344 probandam
582 3277 621 3329 vir
638 3278 732 3330 doctus
751 3275 848 3341 attulit,
869 3293 901 3329 ea
918 3277 1008 3329 omnia
1026 3276 1080 3328 fere
1093 3276 1266 3353 labefactasse
1280 3279 1345 3334 mibi

220 3359 326 3413 videtur
343 3361 559 3417 Lieberkiihnius
575 3392 610 3400 -
627 3362 854 3416 Pohlmannianus
872 3362 925 3428 (De
943 3370 1050 3415 auctore
1067 3363 1188 3428 vitamm‚
1209 3380 1277 3434 quae
1295 3365 1345 3418 sub

219 3446 327 3498 nomine
353 3445 470 3499 Cornelii
493 3446 605 3517 Nepotis
634 3448 755 3501 feruntur
784 3448 952 3518 quaestiones
984 3448 1089 3501 mitione
1119 3449 1203 3512 1837),
1234 3468 1287 3519 qua
1311 3451 1345 3503 de

221 3548 301 3585 eausa
325 3533 424 3597 neseio,
445 3551 479 3586 an
497 3532 629 3586 Rinckius
647 3532 736 3585 oleum
755 3541 782 3586 et
800 3551 909 3604 operam
926 3534 1086 3604 perdiderit;
1106 3551 1168 3587 nam
1186 3552 1220 3588 ne
1239 3553 1270 3588 ea
1288 3537 1345 3607 qui·

218 3616 307 3682 dem,
322 3618 420 3689 quibus
443 3618 533 3689 paucis
559 3619 635 3672 annis
659 3626 720 3688 post
754 3618 825 3673 illius
854 3619 1062 3688 disputationem
1093 3620 1207 3673 refutare
1232 3622 1342 3688 studuit,

219 3703 254 3755 ad
278 3704 478 3773 persuasionem
501 3704 623 3774 apposita
646 3713 708 3757 suut
734 3704 772 3770 (in
790 3705 988 3775 Prolegomenis
1012 3706 1046 3758 ad
1064 3705 1229 3759 Rothianam
1246 3707 1346 3762 Aemili

219 3787 301 3842 Probi
320 3789 487 3854 editionem).
520 3789 591 3848 Quia
609 3798 699 3843 autem
718 3791 815 3856 omnia,
837 3808 904 3862 quae
922 3791 955 3844 ab
974 3798 1086 3861 utroque
1104 3792 1133 3845 in
1150 3792 1268 3846 medium
1286 3811 1345 3864 pro·

218 3872 273 3927 lata
290 3883 366 3941 sunt,
394 3873 521 3927 hocloco
539 3892 661 3928 enarrare
679 3872 790 3945 longum
808 3885 863 3941 est,
883 3895 967 3947 pauca
984 3876 1079 3930 saltem
1098 3879 1180 3931 verba
1196 3878 1292 3932 faciam
1311 3880 1344 3932 de

219 3961 356 4013 sententiis
379 3959 496 4014 virorum
521 3960 676 4026 doetomm,
701 3963 747 4031 qui
765 3972 825 4033 post
841 3962 902 4016 illos
920 3963 1031 4016 eandem
1050 3964 1232 4033 quaestionem
1249 3964 1345 4032 tetige-

220 4052 325 4111 gerunt.
345 4075 376 4085 -
397 4045 492 4098 Rothii
510 4052 538 4098 et
555 4046 665 4109 Hiuokii
688 4050 847 4102 sententiam
872 4048 992 4118 inprimis
1009 4048 1191 4102 Bernhardius
1209 4049 1344 4119 amplexus

219 4136 259 4181 est
283 4130 366 4195 (Hist.
391 4129 442 4184 litt.
468 4148 535 4184 rom.
563 4149 624 4203 pag.
650 4137 702 4188 666
725 4139 809 4205 seq.);
835 4142 926 4186 eontra
948 4133 1082 4204 Nepotem
1106 4134 1211 4188 illarum
1229 4135 1344 4188 vitarum
