3182 4906
715 482 1012 561 -10-’

231 666 333 731 nostri
373 665 475 730 libelli
510 670 643 756 auctore
680 666 908 751 improbantur
949 665 1057 752 (capp.
1094 667 1152 751 34,
1189 668 1249 733 40.
1270 666 1375 756 [bis]‚”

230 765 393 854 401001).

247 901 249 905 ¹
315 871 466 953 Denique
490 869 621 953 librum,
648 871 706 952 qni
730 870 804 952 περὶ
840 871 898 947 τῆς
927 866 1112 952 Ἡροδότου
1144 868 1356 951 κακοηθείας

233 972 434 1055 inscribitur,
459 974 751 1064 00000000010010
781 973 931 1036 doctrina
960 994 1093 1055 prorsus
1129 974 1356 1039 admirabilem

218 1073 345 1156 -itaque
368 1075 515 1156 inprimis
537 1074 713 1139 Plutarcho
737 1075 871 1158 dignum
893 1095 963 1139 esse
993 1075 1042 1138 vir
1073 1075 1187 1140 doctus
1211 1078 1290 1141 dicit
1300 1077 1356 1162 ³⁴¹);

231 1183 330 1259 atque
352 1176 468 1240 ultimo
491 1176 625 1242 tandem
647 1176 718 1240 loco
740 1177 783 1240 ad
805 1157 840 1240 i‘d
862 1183 1087 1260 argumentum
1109 1178 1243 1261 accedit,
1269 1178 1357 1261 quod

231 1279 429 1361 permultum
464 1278 505 1342 ad
534 1280 727 1343 sententiam
757 1280 825 1343 eius
855 1278 1118 1345 labefactandam
1146 1280 1255 1344 valere
1283 1302 1356 1345 cum

229 1379 370 1445 Baebrio
393 1380 580 1445 existimem.
614 1380 742 1444 Etenim
764 1382 815 1444 vel
838 1402 963 1446 summa
985 1380 1200 1446 admiratione
1223 1381 1357 1464 dignum

231 1488 297 1566 001,
328 1482 415 1564 quod
441 1481 656 1565 Plutarchus,
689 1484 802 1565 procul
833 1482 931 1546 dubio
961 1483 1083 1564 probi
1114 1484 1357 1567 sincerique

230 1584 358 1647 animi
381 1583 476 1649 homo
508 1585 705 1648 acerrime
733 1585 768 1649 in
794 1584 996 1649 Herodotum
1026 1584 1137 1667 (quern
1167 1606 1277 1650 amare
1300 1607 1356 1669 po-

231 1687 297 1751 1100
330 1708 428 1768 quam
457 1688 626 1770 increpare
657 1686 1227 1769 (1010101110000100000011011οη
1257 1694 1356 1769 atque

234 1787 296 1853 hoc
318 1791 425 1873 ipsum
449 1779 670 1855 Cam'erarium
693 1795 726 1853 et
748 1789 1032 1874 Wyttenbachium
1053 1789 1248 1872 permovisse
1271 1789 1356 1852 vide-

230 1897 300 1974 tur,
331 1896 368 1955 01
399 1890 465 1956 illic
476 1895 514 1971 ³⁵)
545 1899 689 1956 censeret
710 1892 923 1956 Plutarchum
946 1914 1019 1956 non
1034 1912 1117 1974 quae
1141 1892 1295 1955 sensisset
1321 1890 1356 1955 in

232 1992 294 2056 hoc
315 1991 427 2057 libello
452 1993 652 2075 disseruisse,
677 1994 734 2057 sed
751 1994 800 2057 001
817 1994 957 2060 aliorum
973 1993 1131 2058 voluntati
1150 1999 1356 2059 assentatum

232 2115 301 2158 0000
324 2096 375 2158 001
399 2094 480 2178 quid
507 2095 541 2158 in
563 2095 650 2158 mala
671 2116 770 2159 causa
791 2102 913 2178 posset,
936 2095 1108 2158 ostendere
1131 2095 1280 2180 voluisse,
1303 2094 1356 2158 hic

217 2204 304 2260 'vero
334 2203 494 2261 statueret
504 2201 542 2276 ³⁶)
567 2195 653 2260 hunc
676 2196 821 2262 libellum
839 2218 859 2260 a
879 2196 1057 2261 Plutarcho
1080 2197 1195 2261 iuvene
1218 2197 1355 2262 conscri-

230 2304 324 2380 ptum
347 2318 426 2362 esse.
471 2299 668 2375 Quibuscum
698 2297 878 2383 Lahmeyer
900 2299 1006 2363 facere
1029 2299 1154 2382 noluit,
1178 2299 1275 2364 immo
1298 2320 1354 2382 po-

230 2402 367 2465 steriore
391 2400 518 2464 demum
542 2406 652 2466 aetate
675 2422 748 2465 eum
772 2400 813 2466 ab
837 2422 874 2465 00
898 2402 1112 2485 compositum
1133 2423 1202 2465 esse
1226 2402 1357 2483 opinari

231 2504 360 2568 videtur
382 2502 472 2588 (pag.
495 2503 551 2589 86)
575 2510 672 2584 atque
695 2503 735 2567 de
758 2503 902 2584 consilio,
925 2500 1013 2585 quod
1035 2503 1231 2573 Plutarchus
1260 2505 1294 2565 in
1316 2522 1353 2565 eo

229 2606 464 2683 conscribendo
493 2611 622 2669 secutus
646 2606 706 2688 sit,
731 2606 892 2669 disserens
913 2606 1003 2669 hisce
1025 2605 1130 2669 utitur
1152 2604 1258 2668 verbis
1280 2623 1354 2686 pag.

230 2709 308 2771 100:
340 2707 540 2791 „principale
573 2707 745 2771 consilium
775 2707 908 2772 nullum
931 2708 1021 2770 aliud
1044 2713 1132 2791 erat,
1161 2707 1226 2770 nisi
1255 2712 1293 2769 01
1314 2705 1354 2768 de

200 2896 201 2899 Ἴ
228 2809 360 2874 Boeotis
390 2807 618 2891 Thebanisque
654 2809 774 2873 iniuste
803 2809 844 2873 ab
874 2808 1038 2873 Herodoto
1069 2809 1249 2875 iudicatum
1285 2827 1354 2871 esse

230 2912 469 2976 demonstraret
500 2911 637 2993 ideoque
666 2917 781 2993 postea
810 2913 844 2976 in
874 2911 1078 2994 singulorum
1100 2912 1175 2975 vitis
1205 2931 1244 2974 ex
1266 2931 1355 2973 more

228 3036 286 3079 suo
300 3013 414 3078 odiosa
427 3013 486 3078 illa
499 3013 691 3095 quaestione
702 3035 836 3097 prorsus
851 3013 1062 3097 supersedere
1076 3019 1196 3095 posset,
1213 3017 1354 3094 praeter-

230 3137 327 3199 quam
351 3114 407 3179 ubi
428 3136 487 3200 per
509 3115 591 3179 alias
614 3116 759 3180 rationes
783 3116 843 3181 hoc
866 3137 931 3180 non
952 3114 1079 3181 licebat.
1109 3114 1237 3180 Patriae
1253 3114 1354 3197 igitur

229 3239 339 3283 amore
361 3224 551 3283 occaecatus
582 3210 721 3300 aliisque
741 3219 964 3311 praepeditus
995 3218 1204 3301 opinionibus
1226 3215 1354 3299 praeiu—

230 3321 350 3386 dicatis
364 3320 445 3385 tales
460 3319 654 3384 Plutarchus
677 3325 850 3402 tantosque
866 3341 992 3385 errores
1007 3321 1206 3401 committere
1231 3317 1353 3401 potuit3

230 3423 310 3504 quin
337 3412 440 3505 usque
471 3442 508 3486 00
539 3422 716 3505 processit,
744 3428 782 3486 ut
804 3423 953 3488 similiter
976 3426 1075 3489 etiam
1097 3419 1298 3486 Herodotum
1319 3419 1354 3483 in

298 3666 341 3727 34)
360 3661 447 3714 Aliter
464 3678 526 3713 vero
545 3659 674 3713 Baehrius
692 3659 819 3713 iudicavit
837 3665 874 3731 (p.
895 3664 971 3725 120:
991 3659 1095 3725 „Diese
1109 3657 1208 3713 schrift
1224 3688 1235 3698 ·
1253 3688 1263 3698 -
1281 3688 1292 3697 -
1310 3656 1354 3710 die

228 3747 396 3815 keineswegs
418 3746 461 3800 die
486 3744 588 3814 Belege
613 3745 665 3799 der
689 3744 838 3800 vielfachen
861 3746 1031 3799 Belesenheit
1059 3746 1114 3798 und
1139 3742 1355 3798 Gelehrsamlreit

228 3832 315 3886 dieses
330 3829 541 3897 Schriftstellers,
562 3832 609 3884 des
622 3831 799 3884 Reichthums
816 3831 872 3884 und
890 3831 937 3884 der
953 3830 1030 3884 Folle
1048 3848 1100 3884 000
1119 3829 1224 3883 Citaten
1242 3829 1355 3881 auderet

229 3916 428 3982 Schriststeller‚
449 3916 611 3969 namentlich
631 3916 698 3970 auch
716 3917 765 3969 der
782 3917 894 3970 Dichter
912 3917 1048 3971 erkennen
1065 3912 1160 3981 lacs'st,
1186 3914 1301 3978 wenntl)
1325 3913 1354 3965 in

190 4002 202 4024 ‘
229 4004 300 4059 allen
327 4004 477 4057 anerkannt
499 4004 594 4057 echtcn
613 4002 746 4057 Schriften
771 4002 818 4056 des
836 4001 963 4056 Plutarch
981 4003 1024 4057 die
1042 4002 1161 4056 Beweise
1180 4017 1209 4053 00
1226 3997 1353 4052 reichlich

227 4090 397 4160 vorliegen.“
416 4092 511 4153 -351
532 4089 562 4142 L.
581 4088 598 4140 l.
619 4106 680 4158 pag.
702 4090 716 4144 7
735 4088 831 4155 (med.)

299 4178 346 4242 36)
365 4174 404 4228 el.
426 4175 559 4230 animadv.
579 4175 614 4227 ad
631 4176 702 4230 Plut.
716 4173 812 4230 Moral.
830 4174 852 4240 Ι,
873 4179 917 4230 60.
